2827 3592
1152 269 1362 291 ———·—
1437 249 1540 306 10³

566 388 705 439 Poeta
735 387 853 433 enim
882 401 982 433 cum
1000 386 1112 433 haec
1142 387 1324 441 dixerit:
1360 388 1431 434 Tu
1460 403 1516 434 ex
1547 389 1770 447 omnibus,
1801 403 1912 446 quos
1942 393 2121 447 uacus,
2151 390 2298 448 poetis
2322 388 2598 448 ‹vt-philoso-

336 460 440 518 phis
470 459 738 504 medicinam
774 458 969 515 accipies
1007 459 1190 515 nullam,
1231 458 1416 504 aliunde
1454 472 1552 504 eam
1592 464 1767 517 appete,
1812 459 2032 506 Philetam
2071 459 2148 505 adi
2187 463 2360 513 tuorum
2398 458 2612 513 dom.

337 531 559 574 medicum
589 529 802 586 optimum
832 555 890 561 —
922 529 984 573 ita
1012 529 1149 584 igitur
1180 542 1280 573 cum
1309 534 1442 586 poeta
1475 529 1650 574 locutus
1682 531 1752 586 sit,
1814 542 2011 586 quonam
2040 529 2356 575 atu-ibatne«)
2374 529 2476 578 loco
2495 527 2600 573 Phi-

336 602 472 645 letam
503 599 737 655 ornauerit,
771 598 1070 653 quaerendum
1092 612 1191 643 esse
1219 598 1436 643 uideatur.
1498 597 1552 641 Id
1573 599 1693 653 quod
1714 600 1892 644 codices
1914 600 2138 657 praebent,
2165 612 2325 650 omnes.
2346 599 2601 655 reiecerunt,

341 670 421 716 sed
452 684 533 716 nec
564 669 780 726 Scaligeri
810 672 1035 720 meliorem
1069 671 1212 719 Musis
1240 668 1388 726 placet
1417 682 1499 713 nec
1528 669 1819 713 recentiorum
1850 669 2107 716 commentis
2136 668 2200 724 id,
2222 668 2347 727 quod
2372 672 2504 727 poeta
2521 682 2599 713 uo-

340 741 484 791 luerit,
502 740 790 796 assequimur.
823 738 1138 784 Desideramus
1169 739 1285 783 enim
1316 739 1534 784 eiusmodi
1564 739 1833 797 attributum,
1865 755 1954 796 quo
1986 740 2185 785 Philetas
2214 741 2384 791 amoris
2402 738 2609 785 medicus

341 812 533 871 optimus
563 810 843 866 significetur.
907 809 1004 854 Iam
1034 808 1143 853 mihi
1174 809 1221 853 in
1251 814 1440 854 mentem
1472 809 1590 854 uenit
1619 824 1659 853 u.
1694 809 1738 853 11
1773 812 1811 867 1,
1843 811 1921 855 632

625 882 778 939 Mysus
810 887 855 925 et
885 880 1121 926 Haemonii
1152 881 1342 937 iuuenis,
1374 894 1463 935 qua
1494 879 1678 937 cuspide
1709 881 1869 926 uolnus

626 953 845 1002 Senserat,
877 951 963 995 hac
992 951 1093 1008 ipsa
1128 950 1314 1007 cuspide
1344 951 1479 995 sensit
1511 964 1650 1007 opem.

557 1033 782 1090 ¹Telephus
813 1033 1082 1089 appellatur:
1103 1023 1266 1084 Myw-S·
1330 1031 1470 1084 Quem
1501 1033 1710 1086 quoniam
1741 1033 1927 1088 cuspide
1964 1034 2156 1077 Achillis
2193 1034 2469 1077 uulneratum
2524 1033 2605 1077 ius

342 1105 445 1164 ipsa
476 1103 659 1162 cuspide
688 1107 890 1148 sanatum
921 1116 1019 1147 esse
1050 1107 1218 1147 ueteres
1254 1101 1444 1158 tradunt,
1477 1101 1570 1147 eius
1607 1103 1671 1147 rei
1710 1117 1877 1147 memor
1915 1108 2047 1160 poeta
2085 1108 2235 1148 nostro
2272 1104 2371 1149 loco
2410 1103 2603 1148 amicum

344 1175 614 1230 adhortatur,
654 1178 699 1217 ut
731 1173 866 1217 simili
904 1172 1039 1217 modo
1070 1171 1302 1216 dolorlbus
1354 1172 1567 1216 consulat.
1600 1172 1749 1228 ‚,Tibi,
1781 1172 1936 1230 inquit,
1966 1174 2026 1217 ab
2055 1174 2218 1218 Amore
2244 1173 2475 1218 uulnerato
2513 1186 2603 1218 non

342 1245 403 1291 ab
433 1244 613 1290 heroico
644 1243 839 1288 carmine
868 1242 1087 1287 auxilium
1117 1240 1356 1299 petendum
1384 1246 1463 1293 est,
1496 1241 1575 1286 sed
1621 1255 1761 1297 aeque
1791 1256 1845 1287 ac
1874 1243 2027 1301 Mysus
2065 1243 2143 1288 ille
2180 1242 2298 1300 fecit,
2337 1242 2453 1289 unde
2490 1243 2603 1288 ictus

342 1316 527 1372 uenerit,
546 1314 628 1358 tibi
658 1313 902 1358 remedium
933 1313 1154 1370 afferatur,
1186 1312 1233 1355 id
1263 1316 1349 1356 est:
1384 1313 1441 1357 ab
1472 1325 1635 1356 amore.
1668 1312 1764 1357 Hoc
1795 1313 1973 1368 quidem
2004 1327 2094 1358 non
2124 1314 2358 1370 ignorabat
2393 1313 2603 1372 Philetas,

344 1399 445 1430 cum
495 1385 694 1428 carmina
745 1383 961 1427 amatoria
990 1387 1204 1441 pangeret
1251 1395 1302 1426 eo
1350 1384 1541 1427 maxime
1591 1383 1791 1438 consilio,
1843 1389 1889 1427 ut
1937 1385 2101 1428 amoris
2146 1383 2294 1439 ignem
2347 1383 2520 1429 sedaret
2563 1389 2613 1429 et

347 1455 658 1512 exstingueret,
690 1459 732 1499 et

703 1538 773 1588 Tu
811 1540 955 1586 satius
993 1552 1241 1585 memorem
1278 1537 1429 1599 Mysi
1461 1540 1678 1586 mirere
1717 1538 1940 1597 Philetan,

345 1634 480 1676 quam
511 1619 747 1663 Homerum
779 1617 850 1660 uel
880 1617 1107 1660 Platonem
1140 1616 1210 1658 uel
1242 1620 1419 1660 ceteros

1239 2049 1282 2115 3
1314 2072 1416 2129 28,
1452 2075 1523 2119 13
1545 2076 1717 2120 -ω,

351 2180 495 2261 Cum
527 2217 583 2261 de
614 2230 785 2260 conexu
816 2216 949 2259 totius
980 2216 1111 2258 huius
1141 2215 1312 2270 elegiae
1366 2229 1435 2259 uu.
1497 2215 1569 2259 dd.
1617 2216 1733 2258 alius
1778 2215 1912 2258 aliam
1960 2216 2150 2259 tulerunt
2195 2215 2467 2272 sententiam,
2514 2220 2608 2259 tum

350 2302 504 2331 uersus
538 2289 665 2329 13—
689 2288 746 2329 23
778 2287 1080 2329 excitauerunt
1110 2286 1259 2327 turbas
1290 2286 1521 2328 maximas.
1584 2285 1753 2336 Quibus
1784 2299 1882 2327 cum
1905 2290 1995 2328 tota
2026 2285 2225 2338 quaestio
2254 2290 2478 2339 tamquam
2510 2298 2614 2329 carr

349 2358 454 2403 dine
485 2358 564 2401 niti
598 2357 812 2411 uideatur,
846 2356 1103 2412 priusquam
1135 2360 1302 2399 ceteras
1333 2355 1505 2410 elegiae
1536 2361 1682 2411 partes
1713 2355 1993 2411 attingamus,
2027 2369 2205 2412 operam
2237 2355 2300 2398 eis
2332 2369 2497 2399 nauare
2517 2369 2610 2399 non

351 2428 593 2487 supersedi.

409 2500 519 2543 Sunt
548 2503 691 2543 autem
726 2511 878 2539 uersus
911 2496 1031 2553 apud
1064 2496 1119 2538 M.
1154 2497 1215 2538 ita
1247 2496 1501 2551 perscripti:

694 2568 785 2610 Ista
817 2579 944 2610 senes
976 2566 1078 2609 licet
1109 2570 1315 2610 accusent
1346 2566 1554 2609 conuiuia
1586 2565 1697 2617 duri,

778 2637 870 2680 Nos
902 2635 1034 2679 modo
1066 2636 1354 2692 propositum,
1384 2635 1488 2692 uita,
1511 2640 1702 2680 teramus
1733 2637 1828 2680 iter.

695 2708 877 2748 Illorum
910 2706 1102 2759 antiquis
1134 2711 1365 2748 onerentur
1395 2706 1568 2761 legibus
1600 2719 1741 2760 aures,

780 2776 863 2818 Hie
890 2776 1014 2818 locus
1046 2780 1122 2831 est,
1155 2776 1200 2818 in
1232 2789 1331 2830 qno,
1365 2775 1474 2817 tibia
1505 2775 1649 2832 docta,
1683 2790 1827 2830 sones,

697 2845 821 2897 Quae
852 2860 940 2889 non
971 2845 1064 2888 iure
1097 2844 1214 2889 uado
1246 2845 1473 2889 Maeandri
1506 2845 1621 2888 iacta
1653 2846 1829 2901 natasti,

779 2916 947 2972 Turpia
978 2930 1076 2959 cum
1107 2914 1272 2960 faceret
1302 2915 1503 2959 Palladis
1535 2930 1612 2959 ora
1641 2921 1797 2972 tumor,

695 2987 810 3032 Num
842 2987 931 3031 iam
963 2985 1075 3030 dura
1105 3000 1237 3044 paras
1267 2985 1488 3044 Phrygias
1520 3000 1634 3030 nunc
1667 2986 1730 3030 ire
1761 3001 1839 3043 per
1869 2984 2012 3029 undas

778 3058 831 3101 Et
861 3062 1007 3114 petere
1038 3057 1235 3114 Hyrcani
1267 3058 1399 3101 litora
1429 3057 1525 3101 an
1554 3057 1701 3113 maris,

694 3130 914 3187 Spargere
944 3132 986 3172 et
1017 3127 1188 3171 alterna
1219 3140 1469 3172 communes
1502 3126 1638 3172 caede
1667 3131 1849 3184 penates

776 3199 831 3242 Et
862 3198 974 3242 ferre
1006 3196 1064 3242 ad
1097 3197 1263 3254 patrios
1295 3199 1492 3255 praemia
1523 3197 1621 3242 dira
1651 3198 1798 3241 Lares.
