2827 3592
1323 271 1402 335 211
1474 302 1682 310 ———

454 419 508 463 K.
540 417 754 481 Welierus
780 418 830 462 i'n
848 421 1028 473 quaest.
1059 418 1192 474 Prop.
1214 417 1323 462 Hal.
1357 417 1482 473 1856,
1513 422 1746 475 postquam
1765 418 2053 475 Lachmanni,
2075 419 2210 475 Keili,
2232 420 2486 480 Henbergi,

233 479 564 543 LDr'e‘n‘ckh'a‘hni
580 487 820 532 sententias
843 479 1091 545 repugnare
1110 488 1300 533 conexui
1330 487 1640 533 'sententiarum
1670 488 1907 545 contendit,
1925 502 2015 533 non
2036 488 2222 546 dubitat,
2243 490 2350 546 quin
2368 492 2492 549 prior

228 559 451 610 &carminis
480 568 597 617 pars,
630 556 688 612 (a.
721 569 764 602 u.
799 558 819 601 l
852 566 992 612 usque
1021 556 1080 602 ad
1110 571 1152 603 u.
1187 557 1274 614 12.)
1305 556 1534 616 Cynthiae,
1567 558 1784 616 posterior
1814 563 1971 617 poetae
2001 558 2288 617 respondenti
2317 561 2487 606 adscri-

240 630 389 679 benda
418 629 487 686 sit,
519 639 673 673 uersus
710 631 855 672 autem
888 626 943 671 19
958 651 1016 660 —-
1031 628 1088 671 23
1126 627 1343 685 genuinos
1379 640 1475 672 esse
1517 633 1664 685 negat,
1708 641 1785 672 eos
1832 628 1947 673 enim
1986 629 2122 687 plane
2160 641 2258 675 esse
2295 630 2484 690 inutiles,

240 718 270 750 a
298 713 470 748 conexu
499 699 811 744 sententiarum
844 698 1089 755 dissentire,
1122 699 1312 755 denique
1342 699 1651 755 grammaticas
1687 699 1896 744 exhibere
1935 699 2215 745 difficultates
2255 702 2487 748 maximas.

243 769 348 819 Sine
377 771 472 816 ulla
503 769 789 826 dubitatione,
822 769 870 812 id
904 769 1023 824 quod
1053 770 1123 812 W.
1155 768 1391 826 contendit,
1424 768 1676 824 concedam,
1709 769 1795 813 nisi
1826 783 1977 814 uersus
2008 771 2125 827 illos,
2163 776 2210 814 ut
2239 773 2389 830 scripti
2417 773 2484 818 in-

232 843 484 899 ueniuntur,
518 840 668 896 utique
697 840 939 885 scribarum
972 853 1116 885 errore
1140 844 1370 898 corruptos
1400 852 1496 884 esse
1524 840 1671 884 euinci
1704 845 1857 898 potest.
1889 865 1947 874 —

453 912 647 956 Primum
678 911 794 955 enim
826 924 925 954 cum
968 911 1048 953 alii
1093 916 1184 954 tum
1213 911 1428 954 Weberus
1465 912 1512 954 in
1550 924 1592 954 u.
1632 912 1704 955 20.
1744 913 2039 969 suspiciosum
2085 926 2182 957 esse
2218 913 2479 958 adiectiuum

214 988 407 1047 „0101st
437 981 497 1026 ad
527 982 657 1024 litora
701 981 897 1038 Hyrcani
929 980 1064 1023 maris
1096 981 1346 1037 appositum
1384 981 1638 1036 arbitratum
1679 995 1781 1024 nam
1820 983 1962 1038 litora,
2002 995 2115 1037 quae
2160 988 2251 1026 tum
2296 985 2484 1040 primum

238 1054 531 1107 innotuerunt,
563 1059 671 1101 noca
700 1050 921 1107 appellari
950 1064 1039 1093 non
1071 1055 1266 1106 possunt.
1327 1050 1500 1093 Heinsii
1527 1054 1621 1100 laea
1645 1051 1923 1108 Herzbergus
1939 1052 2107 1107 refutat,
2126 1053 2251 1096 litora
2273 1055 2481 1097 enimilla

238 1122 358 1181 apud
388 1122 592 1175 antiquos
622 1125 854 1164 montuosa
885 1124 927 1163 et
957 1120 1177 1163 siluestria
1207 1121 1433 1164 nominata
1463 1134 1559 1164 esse
1589 1120 1773 1165 adnotat
1802 1123 1951 1165 multis
1991 1123 2251 1179 scriptorum
2287 1129 2481 1167 ueterum

235 1193 346 1239 locis
375 1192 520 1236 nixus.
559 1191 737 1245 ⁴Itaque
767 1203 908 1244 neque
939 1189 1211 1232 Lachmanni
1235 1192 1356 1238 huda
1410 1190 1690 1246 probandum
1735 1196 1813 1235 est.
1872 1192 2114 1248 Herzbergi
2132 1200 2273 1242 nauta
2303 1200 2476 1252 propte-

235 1277 311 1308 rea
340 1262 449 1307 mihi
480 1259 699 1318 displicet,
730 1259 854 1319 quod!
881 1274 935 1304 ex
967 1258 1165 1317 Phrygia
1195 1259 1450 1317 Hyrcanum
1480 1274 1601 1305 mare
1631 1261 1863 1317 petiturum
1892 1275 2102 1318 magnam
2122 1262 2290 1307 itineris
2312 1268 2479 1321 partem

233 1347 323 1378 non
352 1337 532 1377 nautam
561 1330 642 1375 sed
672 1330 864 1388 peditem
895 1330 1108 1374 conficere
1138 1343 1319 1380 necesse
1348 1334 1425 1387 est,
1457 1344 1543 1385 quo
1573 1330 1758 1385 accedit,
1791 1337 1838 1376 ut
1869 1333 2090 1387 sequentis
2112 1346 2265 1377 uersus
2295 1335 2477 1379 uocibus

231 1407 408 1455 anema
444 1405 586 1452 mede
620 1416 838 1467 sparqere
866 1401 1048 1444 militem
1079 1414 1168 1443 non
1197 1404 1376 1444 nautam
1397 1399 1487 1444 dici
1517 1406 1746 1459 appareat.
1806 1402 2006 1447 Muelleri
2034 1406 2137 1453 an
2158 1416 2477 1461 superuacuum

231 1487 328 1519 esse
357 1473 544 1517 Webero
576 1472 762 1516 libenter
791 1471 1043 1515 concedam.
1075 1495 1133 1502 —
1164 1469 1335 1514 Deinde
1367 1483 1538 1515 uersus:

442 1554 660 1611 Spargere
690 1558 732 1598 et
761 1553 930 1597 alterna
961 1566 1215 1597 communes
1245 1551 1382 1597 caede
1411 1558 1604 1609 penates,

511 1625 567 1667 Et
596 1623 709 1668 ferre
740 1623 799 1666 ad
830 1623 996 1679 patrios
1027 1623 1227 1678 praemia
1257 1622 1354 1665 dira
1384 1623 1511 1667 lares.

443 1705 715 1750 Lachmanni
746 1704 1102 1761 interpretatione
1132 1717 1220 1747 non
1252 1704 1359 1747 satis
1391 1710 1574 1760 possunt
1604 1705 1816 1760 intellegi.
1849 1709 1996 1766 „Num
2033 1709 2125 1768 tibi,
2158 1707 2336 1751 Lachm.
2369 1722 2473 1752 auc—

230 1782 322 1822 tore
351 1778 415 1821 ait
445 1781 587 1835 poeta,
625 1778 774 1825 adhuc
808 1777 946 1837 sedet,
981 1793 1064 1824 nos
1098 1779 1176 1840 qui
1207 1777 1423 1824 hactenns
1479 1793 1571 1824 una
1635 1780 1845 1837 uioeimus,
1905 1779 2018 1827 bello
2078 1785 2121 1827 et
2179 1781 2353 1828 alterna
2410 1784 2477 1828 tm·

220 1850 501 1912 ,hostiumque
525 1849 666 1896 caede
682 1848 893 1895 diuellere
909 1848 967 1893 ?“
986 1847 1176 1894 Alter-na
1195 1847 1337 1894 caede
1359 1844 1522 1888 bellum
1553 1844 1793 1900 significari
1826 1851 1940 1890 recte
1970 1846 2138 1890 iudicat
2167 1861 2309 1902 neque
2329 1854 2475 1893 tamen

227 1916 484 1975 explicauit,
515 1916 591 1973 qui
619 1915 715 1960 fieri
747 1915 946 1972 potuerit,
978 1919 1025 1958 ut
1054 1913 1270 1970 Cynthiae
1291 1918 1332 1958 et
1352 1914 1565 1972 Propertii
1588 1919 1769 1972 penates
1789 1922 2100 1973 spargerentur
2120 1917 2287 1962 alterna
2299 1918 2476 1973 (Roma-

227 2001 382 2040 norum
413 1992 455 2032 et
483 1987 789 2041 barbarorum)
821 1984 968 2029 caede.
1030 1985 1144 2028 Nam
1189 1989 1252 2028 tot
1300 1984 1429 2029 bellis
1474 1998 1501 2027 a
1531 1985 1743 2028 Romanis
1788 1998 1886 2029 eum
1937 1987 2141 2042 gentibus
2187 1987 2475 2032 barbarorum

227 2059 362 2116 gestis
421 2057 587 2116 patrios
643 2056 714 2100 uel
754 2062 1004 2094 communes
1034 2055 1196 2098 ciulum
1227 2056 1523 2098 Romanorum
1573 2060 1758 2111 penates
1807 2057 1959 2113 spargi
2010 2071 2065 2101 ne
2114 2057 2248 2101 fando
2298 2057 2476 2113 quidem

227 2128 425 2172 auditum
457 2134 533 2171 est.

436 2183 668 2239 Quomodo
713 2198 813 2228 cum
843 2184 946 2228 illos
977 2197 1130 2228 uersus
1159 2183 1249 2227 iam
1278 2182 1688 2228 iamulabefactatos
1727 2198 1824 2230 esse
1864 2185 2058 2231 uiderem
2098 2191 2140 2232 et
2175 2186 2308 2231 ualde
2347 2187 2472 2232 dubi-

224 2262 374 2313 tarem,
407 2269 511 2301 num
530 2255 588 2299 iis
619 2254 805 2309 aliquod
835 2253 1023 2297 fulcrum
1054 2259 1203 2311 posset
1232 2254 1436 2311 supponi,
1475 2253 1584 2297 mihi
1624 2255 1801 2299 omnino
1833 2258 2095 2319 Hyrcanum
2130 2275 2259 2307 mare
2287 2262 2329 2302 et
2365 2259 2469 2302 Pro-

222 2327 389 2384 pertius
419 2325 479 2370 ad
508 2325 675 2370 bellum
708 2323 979 2382 profecturus
1010 2324 1057 2366 in
1088 2337 1296 2379 magnam
1337 2323 1634 2380 suspicionem
1670 2330 1903 2379 uenerunt;
1938 2325 2165 2382 quidnam,
2196 2339 2375 2384 quaeso,
2407 2327 2469 2372 rei

218 2401 288 2441 est
317 2396 544 2454 Propertio
576 2408 675 2439 cum
706 2395 859 2438 castris
891 2398 933 2438 et
961 2393 1213 2451 Phrygibus
1233 2407 1332 2438 cum
1354 2394 1562 2452 Hyrcano
1584 2394 1697 2438 mari
1716 2396 1913 2439 remoto?
1945 2395 2028 2450 (cf.
2051 2396 2108 2440 ΙΙ.
2143 2397 2181 2441 7.
2207 2399 2279 2441 14:
2311 2398 2470 2442 Nullus

218 2467 278 2512 de
307 2472 457 2511 nostro
488 2466 703 2522 sanguine
733 2465 859 2508 miles
890 2465 1002 2519 erit.)

432 2536 610 2593 Dubito,
638 2549 743 2579 num
764 2534 862 2589 quis
894 2537 1153 2598 Hyrcanum
1186 2552 1315 2585 mare
1351 2534 1433 2578 hoc
1464 2534 1562 2578 loco
1595 2533 1655 2578 ita
1687 2535 1904 2580 ambabus
1936 2537 2231 2594 amplectetur,
2256 2538 2362 2593 quin
2378 2539 2467 2583 leui

220 2607 461 2651 litterarum
489 2606 728 2649 mutatione
775 2604 895 2648 facta
933 2619 988 2648 ex
1019 2606 1282 2654 Icarium
1316 2623 1444 2655 mare
1480 2605 1724 2649 scribarum
1764 2621 1910 2651 errore
1949 2612 2089 2651 ortum
2127 2622 2223 2652 esse
2261 2610 2464 2665 patiatur.

219 2676 392 2720 Etenim
441 2677 527 2719 hoc
576 2675 708 2719 modo
754 2689 840 2718 uno
887 2675 1016 2730 saltu,
1063 2680 1110 2718 ut
1158 2674 1221 2717 ita
1270 2674 1429 2731 dicam,
1475 2680 1679 2728 quattuor
1727 2691 1862 2733 apros
1904 2678 2116 2734 capimus,
2149 2679 2188 2720 si
2216 2679 2394 2735 quidem
2425 2684 2467 2723 et

220 2750 480 2811 Hyrcanum
496 2765 624 2796 mare
660 2750 701 2790 et
726 2752 863 2810 poeta
896 2747 1088 2801 militana
1123 2748 1164 2788 et
1228 2751 1336 2795 nota
1369 2744 1499 2807 litOra
1541 2749 1583 2788 et
1602 2763 1857 2796 communes
1870 2755 2059 2812 penates
2096 2745 2205 2805 quid
2225 2747 2309 2791 Sibi
2332 2749 2468 2795 uelint

221 2830 309 2864 uno
338 2815 489 2861 obtutu
521 2815 829 2874 perspicimus.
889 2813 1015 2859 Talis
1048 2812 1164 2858 enim
1197 2826 1413 2871 uersuum,
1450 2826 1559 2869 quos
1591 2827 1726 2873 supra
1759 2815 1869 2872 dixi,
1900 2830 2095 2861 conexus
2127 2815 2332 2862 efficitur:

431 2886 524 2930 Ista
554 2886 762 2932 conuiuia
791 2884 995 2941 quamuis
1025 2897 1152 2928 senes
1183 2883 1283 2930 duri
1313 2888 1529 2941 accusent,
1560 2884 1740 2931 minime
1769 2886 1902 2932 laude
1932 2900 2011 2932 sua
2051 2892 2213 2933 carent.
2272 2887 2383 2932 Nam
2423 2889 2469 2933 in

217 2957 277 3002 -iis
306 2957 453 3002 locum
484 2956 624 3002 habes
654 2961 713 3015 tu,
745 2955 855 3021 tibia
886 2954 1032 3012 docta,
1065 2955 1203 2999 multa
1235 2956 1392 3000 iniuste
1422 2968 1646 3014 perpessa.
1706 2957 1822 3002 Nam
1854 2971 1953 3002 cum
1984 2958 2042 3002 ab
2072 2952 2244 3003 Athena
2277 2959 2364 3004 oris
2402 2964 2466 3004 tu-

218 3041 342 3074 more
371 3027 604 3086 indignata
633 3028 681 3073 in
710 3026 940 3072 Maeandri
971 3025 1178 3071 fluetibus
1225 3027 1397 3072 abiecta
1436 3030 1625 3084 natares,
1660 3041 1739 3086 per
1777 3028 1921 3073 undas
1956 3027 2150 3073 fluminis
2193 3029 2239 3074 in
2278 3030 2466 3074 Icarium

218 3112 353 3156 marc,
382 3099 430 3143 in
460 3098 580 3158 quod
611 3097 753 3151 influit
783 3096 1034 3156 Maeander,
1066 3102 1192 3141 uecta
1221 3097 1281 3141 ad
1310 3104 1416 3147 nota
1451 3096 1582 3140 litora
1603 3098 1856 3154 peruenisti,
1878 3098 1955 3152 (ad
1994 3098 2125 3143 litora
2160 3100 2325 3154 Ioniae,
2353 3114 2466 3156 quae

215 3177 325 3220 noea
351 3168 573 3226 appellari
600 3169 820 3212 neminem
836 3167 1044 3222 offendet)
1075 3168 1250 3212 neeiam
1279 3167 1412 3211 molle
1441 3167 1684 3210 amantium
1713 3167 1794 3212 sed
1825 3168 1982 3212 durum
2013 3157 2281 3213 armatorum
2302 3169 2458 3214 instru-

214 3243 408 3284 mentum
438 3239 484 3283 in
514 3238 676 3296 pugnis
704 3242 906 3301 (anema
944 3241 1111 3300 caede)
1141 3251 1306 3282 sonans
1335 3236 1535 3294 sparsisti
1568 3255 1820 3289 communes
1852 3246 2042 3303 penate,
2071 3241 2350 3295 (graecarum
2393 3256 2463 3285 ur-

1175 3339 1188 3361 !
2199 3323 2252 3365 2*
