2827 3592
862 1095 900 1160 l
930 1119 989 1176 S,
1022 1118 1072 1176 7,
1096 1119 1161 1168 S.
1196 1120 1318 1178 (ed.
1355 1120 1429 1165 L.
1459 1120 1802 1177 Muelleri).

352 1273 420 1322 Tu
458 1274 652 1338 pedibus
690 1277 864 1322 teneris
899 1275 1076 1338 positas
1113 1273 1276 1322 fulcire
1312 1276 1466 1323 ruinas

422 1367 494 1417 Tu
531 1374 665 1433 potes
702 1368 928 1430 insolitas»,
968 1367 1182 1433 Cynthia,
1219 1368 1344 1417 ferre
1380 1370 1547 1419 niues?

141 1528 365 1623 Cynthia
394 1565 569 1622 poetam
600 1562 799 1608 deserere
830 1569 872 1608 et
902 1563 1078 1608 Oricum
1104 1565 1321 1621 proficisci
1351 1566 1546 1609 animum
1577 1566 1762 1611 induxit.
1825 1566 1971 1618 Quare
2001 1579 2056 1610 ne
2087 1578 2244 1610 nauem
2276 1578 2380 1608 con-

142 1634 336 1692 scendat,
367 1638 499 1692 poeta
528 1640 624 1679 orat
654 1639 695 1678 et
725 1635 938 1691 obsecrat,
973 1640 1013 1679 et
1045 1648 1160 1690 quae
1189 1635 1385 1692 pericula
1407 1635 1451 1680 in
1480 1636 1635 1681 itinere
1666 1636 1897 1681 subeunda
1914 1637 2011 1691 sint,
2036 1649 2168 1690 quam
2189 1635 2382 1679 maxime
2416 1675 2418 1677 .

142 1710 284 1761 potest
312 1705 398 1748 hac
428 1705 574 1760 elegia
594 1705 800 1761 exprimit
846 1709 887 1747 et
917 1705 1122 1762 proponit
1151 1705 1264 1762 ‚‚Tu,
1296 1705 1450 1763 inquit,
1480 1704 1637 1750 audire
1668 1709 1792 1764 potes
1822 1705 1976 1751 uesani
1996 1717 2216 1750 murmura
2243 1703 2380 1762 ponti,

140 1775 265 1818 fortis
296 1782 338 1819 et
365 1775 413 1818 in
442 1775 554 1818 dura
584 1789 699 1818 naue
723 1777 873 1830 jacere
902 1780 1026 1832 potes
1037 1776 1090 1817 ‘?“
1121 1776 1368 1830 Sequuntur
1398 1788 1507 1830 quos
1537 1788 1671 1833 supra
1702 1775 1796 1819 dixi
1827 1788 1990 1820 uersus
2039 1774 2209 1828 Quibus
2239 1774 2381 1832 expli-

137 1844 296 1893 candis
326 1845 411 1890 uiri
440 1844 559 1890 docti
588 1859 768 1902 operam
799 1845 1011 1890 dederunt
1039 1846 1290 1888 maximam.

351 1914 538 1965 Codices
554 1915 783 1972 praebent:
798 1921 970 1980 pogims
1003 1919 1167 1980 fulcire
1202 1921 1373 1976 ruinas,
1404 1914 1451 1958 id
1481 1915 1602 1969 quod
1623 1916 1820 1970 intellegi
1838 1929 1927 1959 non
1949 1920 2102 1972 potest,
2133 1916 2219 1958 m'si
2248 1920 2384 1965 ruina

143 1999 223 2044 pro
253 1985 469 2042 grandine
488 1985 561 2030 uel
591 1984 695 2029 niue
724 1984 888 2030 dictum
918 1990 984 2030 est
1013 1989 1058 2029 ut
1089 1989 1208 2036 caeli
1238 1990 1371 2035 ruina
1425 1998 1502 2042 pro
1553 1985 1707 2042 pluuia
1757 1985 1877 2043 apud
1927 1985 2161 2042 Virgilium
2211 1990 2253 2030 et
2290 1988 2386 2051 poli

140 2061 275 2108 ruina
327 2069 407 2115 pro
437 2055 600 2101 tonitru
629 2054 750 2114 apud
780 2056 1005 2102 Valerium
1035 2057 1258 2109 Flaccum,

291 2157 298 2169 ,
351 2127 565 2181 Quamuis
592 2131 737 2173 autem
771 2128 923 2173 ruinae
962 2128 1062 2173 uoci
1093 2128 1454 2184 significationem
1485 2126 1610 2172 illam
1640 2127 1785 2173 inesse
1816 2127 1948 2172 etiam
1979 2127 2178 2183 Scaliger
2208 2127 2380 2183 doceat,

143 2199 324 2256 (ruinas,
356 2198 509 2256 inquit,
541 2202 683 2255 uocat,
714 2198 760 2242 ni
781 2197 925 2255 fallor,
949 2203 1143 2243 ruentem
1163 2199 1288 2243 caelo
1305 2212 1446 2254 aquae
1476 2203 1707 2243 concretae
1736 2202 1778 2244 et
1813 2198 1930 2242 niuis
1976 2201 2183 2255 stragem)
2219 2201 2385 2264 fulcire

143 2282 223 2326 pro
253 2269 454 2313 insistere
483 2269 589 2326 poni
619 2268 766 2330 adhuc
795 2282 922 2313 nemo
955 2269 1062 2312 satis
1092 2269 1235 2313 euicit.
1296 2269 1410 2314 Nam
1439 2267 1558 2323 quod
1588 2269 1866 2325 Herzbergus
1896 2269 2022 2313 affert
2051 2269 2197 2313 locum
2227 2268 2380 2325 Persii,

143 2338 257 2384 nihil
286 2353 485 2394 moneor-3
517 2339 582 2381 ibi
611 2339 727 2384 enim
757 2342 872 2403 fulta
901 2339 1019 2382 idem
1051 2338 1167 2393 quod
1199 2352 1351 2396 pressa
1381 2337 1632 2394 significare
1662 2337 1771 2382 mihi
1793 2338 2057 2396 persuadere
2077 2352 2166 2383 non
2189 2352 2384 2397 possum.

142 2409 236 2454 Nec
267 2408 386 2463 qnod
415 2408 463 2452 in
491 2408 670 2453 Aldinis
691 2408 855 2453 editum
876 2413 957 2452 est:
984 2412 1164 2459 sulcare
1178 2414 1382 2473 pruinas,
1411 2422 1504 2464 nec,
1522 2407 1643 2463 quod
1657 2409 1736 2452 alii
1763 2409 2008 2465 uoluerunt,
2041 2412 2225 2460 calcare
2252 2408 2386 2453 efficit

143 2478 399 2524 sententiam
430 2478 538 2522 satis
569 2478 787 2523 idoneam.
849 2478 935 2531 Qui
965 2478 1081 2523 enim
1112 2479 1253 2535 potuit
1280 2478 1388 2535 fieri,
1419 2482 1464 2522 ut
1494 2477 1685 2536 Cynthia
1715 2479 1918 2536 pruinam
1955 2479 2144 2524 sulcaret
2182 2480 2254 2524 uel
2294 2481 2383 2525 cal-

143 2553 263 2594 caret
290 2561 369 2606 per
399 2561 558 2592 nauem
588 2549 835 2605 ambulans,
868 2549 1088 2604 quomodo
1118 2554 1208 2593 tam
1237 2550 1393 2604 ingens
1423 2548 1607 2604 pruinae
1637 2549 1767 2605 copia
1797 2549 1845 2592 in
1875 2563 1990 2593 naue
2035 2550 2174 2606 possit
2210 2565 2384 2596 coacer-

142 2618 274 2663 uari‘?
305 2617 398 2662 Nec
428 2618 537 2662 satis
566 2619 790 2676 eleganter
819 2619 984 2663 dictum
1014 2619 1229 2677 uideatur,
1260 2619 1309 2663 id
1339 2617 1458 2674 quod
1486 2618 1577 2662 iam
1608 2619 1886 2676 Herzbergus
1925 2619 2175 2676 adnotauit3
2214 2626 2387 2667 teneras

144 2688 361 2747 Cynthiae
391 2688 526 2745 pedes
558 2691 804 2747 comparari
834 2704 933 2734 cum
963 2695 1108 2734 aratro
1140 2690 1211 2742 uel
1244 2703 1341 2733 cum
1372 2689 1472 2744 equi
1503 2689 1682 2745 ungulis
1712 2689 1837 2733 nullo
1868 2689 2000 2734 modo
2032 2695 2174 2747 potest
2196 2691 2310 2736 ferri.

349 2760 498 2823 Super
532 2764 602 2809 ire
631 2760 870 2821 Burmanni
903 2765 1194 2804 commentum
1225 2764 1266 2804 et
1298 2759 1428 2803 nimis
1457 2758 1634 2802 aberrat
1664 2772 1692 2802 a
1723 2759 1926 2802 codicum
1957 2759 2113 2804 litteris
2154 2765 2196 2804 et
2232 2775 2386 2818 parum
2416 2801 2420 2804 .

143 2828 312 2874 redolet
339 2833 498 2886 poetae
526 2828 765 2885 ingenium.

349 2897 552 2954 Denique
582 2900 893 2945 sententiarum
940 2914 1135 2946 conexus
1166 2899 1290 2944 aliud
1326 2897 1497 2954 aliquid
1538 2898 1763 2956 efflagitat.
1827 2899 2046 2952 Quoniam
2090 2901 2206 2944 enim
2257 2906 2388 2958 poeta

143 2968 364 3027 perhibuit
390 2982 430 3013 u.
477 2969 524 3013 8:
601 2970 700 3027 „Tu
730 2975 854 3028 potes
894 2971 1109 3027 insolitas,
1158 2970 1361 3028 Cynthia,
1391 2968 1503 3013 ferre
1542 2969 1697 3014 niues“
1743 2984 1787 3015 u.
1833 2971 1857 3012 ’ἶ
1903 2975 2061 3019 ruinas
2097 2970 2168 3014 vel
2198 2976 2390 3036 pruinas

141 3041 305 3104 sumre
340 3052 439 3096 pro:
471 3053 549 3096 per
579 3040 781 3096 pruinam
811 3041 1013 3085 incedere
1042 3054 1211 3098 ponens
1245 3039 1363 3083 idem
1391 3038 1481 3082 fere
1510 3039 1780 3096 significaret
1810 3040 1983 3083 duobus
2023 3040 2234 3084 uersibus.
2282 3041 2389 3084 Post

141 3121 318 3153 uersum
347 3113 494 3153 autem
525 3114 714 3153 sextum:
745 3111 920 3168 „Fortis
950 3116 991 3155 et
1019 3111 1067 3155 in
1098 3110 1209 3155 dura
1239 3123 1355 3156 naue
1392 3110 1538 3155 iacere
1575 3110 1730 3168 potes“
1773 3110 1836 3155 ita
1865 3122 1966 3155 eum
2005 3122 2187 3167 pergere
2232 3108 2385 3156 uerisi-

40 3236 43 3253 Υ
88 3219 94 3225 .
142 3178 291 3224 milius
320 3183 401 3223 est:
434 3179 527 3223 Nec
555 3184 616 3236 tu,
648 3181 723 3236 qui
753 3186 818 3225 est
847 3187 1081 3238 perpetuus
1117 3181 1245 3225 nauis
1277 3185 1420 3224 motus
1450 3182 1707 3237 praesertim
1743 3180 1855 3224 mari
1891 3179 2127 3224 fluctuante
2165 3180 2237 3224 uel
2280 3184 2388 3225 tem-

2084 3251 2106 3292 1
