2827 3592
1193 238 1535 297 —12

1461 292 1466 299 .

385 380 507 426 bium
537 380 652 425 inter
688 391 736 425 se
765 378 1088 435 dimicantium)
1134 384 1178 425 et
1213 380 1414 438 praemia
1450 379 1551 425 dira
1588 370 1875 437 cognatarum
1912 379 2105 425 illarum-
2135 379 2331 437 gentium
2367 379 2430 427 ad
2475 379 2644 439 patrios

386 452 546 496 Ionum
578 450 714 494 Lares
743 449 898 494 tulisti.
958 449 1041 506 Tu,
1075 463 1190 505 quae
1221 450 1326 494 olim
1356 450 1405 495 in
1433 450 1619 508 Ephesii
1650 451 1812 496 Callini
1843 451 2001 508 elegiis
2032 450 2144 496 dura
2172 450 2294 496 fuisti
2325 449 2642 508 (ferocitertso-

388 522 555 579 unisti),
587 534 704 565 nunc
735 520 783 564 in
812 520 974 564 nostris
1006 520 1226 564 conuiuiis
1258 534 1312 565 ea
1342 522 1477 566 uteris
1507 521 1781 578 condicione,
1822 534 1955 577 quam
1993 519 2214 578 efflagitas
2253 534 2334 580 pro
2371 519 2524 568 indole
2544 521 2645 568 tibi

387 593 553 648 innata,
586 596 632 634 ut
661 590 789 634 docte
818 603 983 633 sonans
1013 590 1186 634 indices
1217 591 1458 635 amantium
1488 591 1655 648 gaudia
1684 596 1727 636 et
1756 591 1946 636 dolores.

473 662 570 705 Hoc
599 661 731 704 modo
763 673 915 705 uersus
945 660 1255 718 interpretatus
1287 661 1456 706 scribo:

600 747 648 794 N
656 761 724 794 on
767 743 858 787 iam
895 746 1013 793 dura
1045 757 1178 800 paras
1207 743 1429 801 Phrygias
1459 757 1576 788 nunc
1605 744 1669 788 ire
1699 757 1778 800 per
1810 743 1953 788 undas

667 813 724 857 Et
755 817 904 871 petere
934 816 1135 864 Icarii
1162 814 1294 858 litora
1325 819 1432 858 nota
1462 815 1609 858 maris.

598 883 830 937 Quomodo
862 883 982 939 quod
1011 884 1201 928 Webero
1233 884 1278 929 in
1309 885 1607 943 suspicionem
1639 889 1840 930 uenerat:
1873 903 1993 936 nunc
2026 890 2117 936 ima
2152 884 2250 929 tolli
2280 883 2357 929 uix
2381 895 2641 929 commemo·

384 959 481 997 ratu
513 954 696 1010 dignum
728 958 803 997 est.
866 954 1176 998 Verumtamen
1209 955 1499 1012 praecedente
1527 958 1630 1005 Non
1677 969 1733 999 ne
1778 956 1877 1010 quis
1907 955 2154 1000 offendatur
2191 961 2399 1010 sequente
2441 957 2518 1018 Ee,
2560 952 2643 997 hos

385 1023 553 1068 addam
587 1038 759 1068 uersus:
792 1024 853 1068 IV
885 1025 926 1080 6,
954 1025 1013 1068 48
1045 1039 1109 1080 sq.

602 1094 703 1138 Non
732 1094 833 1137 tulit
860 1094 934 1138 hic
965 1095 1126 1139 Paetus
1158 1094 1390 1138 stridorem
1421 1095 1576 1140 audire
1606 1095 1829 1152 procellae

670 1165 727 1209 Et
756 1164 867 1209 duro
897 1169 1072 1210 teneras
1102 1166 1281 1210 laedere
1309 1165 1415 1210 fune
1445 1179 1615 1210 manus.

598 1236 661 1281 Cf.
695 1236 756 1280 IV
790 1238 858 1293 11,
891 1236 947 1280 24
977 1250 1044 1295 sq.

599 1306 750 1361 Quare
780 1321 879 1351 cum
910 1321 1063 1352 uersus
1095 1321 1128 1353 s.
1161 1307 1205 1353 d.
1238 1309 1368 1352 19-
1386 1309 1444 1352 22
1474 1308 1546 1352 uel
1581 1308 1783 1351 13—22
1814 1321 1902 1352 non
1933 1308 2024 1351 iam
2053 1306 2146 1351 labi
2177 1307 2256 1352 sed
2302 1312 2417 1351 stare
2453 1312 2497 1352 et
2532 1307 2645 1353 inter

385 1391 432 1422 se
463 1378 698 1422 cohaerere
729 1377 976 1434 uideantur,
1009 1391 1227 1433 quaenam
1257 1379 1526 1434 reliquorum
1553 1378 1723 1433 elegiae
1754 1390 1959 1421 uersuum
1988 1377 2101 1421 ratio
2130 1378 2200 1433 sit,
2232 1390 2508 1432 quaeramus.

597 1448 809 1492 Versibus
839 1448 973 1505 igitur
1019 1449 1163 1492 1—12
1220 1449 1412 1493 Iacobus
1450 1448 1670 1492 existimat
1708 1447 1941 1505 Cynthiam
1982 1461 2009 1491 a
2047 1447 2275 1505 Propertio
2314 1447 2555 1506 implorari,
2587 1460 2643 1492 ne
2728 1465 2734 1470 ·

384 1520 546 1575 fugiat.
606 1519 759 1573 Neque
789 1524 936 1563 tamen
968 1526 1221 1577 perseuerat
1251 1534 1293 1564 u.
1325 1520 1369 1565 d.
1401 1521 1447 1563 in
1477 1520 1562 1562 hac
1594 1519 1809 1563 sententia
1838 1524 2057 1575 postremo
2097 1518 2318 1575 dubitans,
2358 1523 2499 1562 utrum
2535 1518 2639 1562 Pro-

386 1591 557 1647 pertius
591 1589 826 1647 Cynthiam
857 1604 916 1633 an
947 1590 1139 1647 Cynthia
1169 1590 1443 1646 Propertium
1475 1590 1738 1643 alloquatur.

594 1658 763 1712 Quodsi
794 1659 984 1717 primum
1016 1660 1279 1716 quaerimus,
1304 1659 1596 1717 Cynthiamne
1616 1659 1868 1716 Propertius
1898 1659 2161 1715 alloquatur,
2193 1658 2240 1701 id
2270 1658 2448 1714 quidem
2478 1658 2564 1702 hac
2583 1658 2640 1703 de

385 1743 521 1774 causa
565 1744 797 1786 negamus:
845 1730 917 1774 Ad
949 1744 1082 1784 quam
1114 1744 1349 1788 personam
1379 1730 1491 1773 haec
1521 1730 1666 1785 elegia
1697 1732 1858 1786 scripta
1891 1734 1967 1785 est,
2001 1743 2055 1773 ea
2077 1734 2355 1786 comparatur
2376 1743 2475 1773 cum
2496 1729 2637 1783 Belle·

385 1799 604 1858 rophonte
635 1805 677 1844 et
708 1814 806 1844 cum
838 1801 997 1844 Perseo
1019 1805 1061 1843 et
1091 1814 1190 1843 cum
1211 1799 1449 1855 Mercurio;
1482 1814 1586 1856 ergo
1609 1799 1843 1857 Cynthiam
1867 1813 1964 1844 eam
1985 1813 2220 1857 personam
2243 1813 2339 1843 esse
2360 1812 2637 1855 nequaquam

384 1871 626 1916 uerisimile
654 1876 733 1915 est.

596 1943 667 1985 An
715 1940 905 1998 Cynthia
954 1941 1265 1998 Propertium?
1318 1941 1533 1985 Weberus
1565 1941 1741 1996 quidem
1792 1941 1895 1985 diss.
1935 1955 1968 1985 s.
2009 1941 2050 1985 d.
2082 1941 2185 1985 illos
2230 1954 2383 1985 uersus
2422 1941 2638 1999 Cynthiae

384 2011 592 2070 attribuit.
655 2001 816 2056 Verum
847 2011 1071 2055 enimuero
1104 2011 1318 2068 Cynthiae
1341 2011 1558 2056 eiusmodi
1580 2026 1731 2056 uersus
1751 2011 2041 2056 abiudicandi
2062 2017 2174 2056 sunt.
2237 2011 2351 2056 Nam
2373 2016 2419 2056 ut
2440 2012 2637 2056 omittam

381 2082 596 2139 Cynthiae
637 2081 824 2126 dicentis
860 2095 1095 2139 personam
1133 2082 1256 2126 nullo
1287 2082 1423 2126 uerbo
1455 2082 1710 2139 significari,
1743 2082 1840 2137 quis
1870 2081 2022 2126 credat
2041 2082 2087 2126 in
2105 2081 2295 2139 Cynthia
2316 2081 2635 2131 fuissetantam

381 2154 544 2195 amoris
575 2152 881 2208 constantiam,
913 2156 1078 2206 quanta
1099 2151 1299 2196 uersibus
1329 2151 1421 2195 illis
1453 2157 1800 2209 cognosceretur.
1832 2152 2079 2210 Cynthiam,
2112 2153 2314 2208 quamuis
2335 2153 2458 2210 poesi
2496 2152 2637 2198 imbu-

383 2226 488 2278 tam,
519 2222 682 2265 amoris
712 2228 804 2264 tam
833 2221 979 2265 fidelis
1011 2227 1157 2266 uatem
1187 2221 1323 2266 fuisse
1345 2228 1686 2267 consentaneum
1709 2237 1804 2267 esse
1825 2237 1915 2267 non
1936 2222 2150 2268 uideatur.
2209 2223 2460 2268 Sententiae
2491 2227 2636 2268 autem

383 2293 451 2335 his
483 2294 681 2336 versibus
713 2306 950 2349 expressae
981 2293 1113 2336 etiam
1148 2293 1249 2336 aliis
1279 2293 1391 2336 locis
1421 2298 1511 2335 tam
1542 2294 1741 2337 similiter
1771 2294 2082 2350 pronuntiatae
2112 2293 2404 2350 inueniuntur,
2435 2293 2489 2337 cf.

597 2386 615 2428 Ι
652 2386 687 2442 l,
721 2387 765 2429 3:
801 2387 914 2429 Tum
945 2386 1054 2429 mihi
1087 2387 1327 2430 constantis
1360 2386 1520 2430 deiecit
1548 2386 1716 2430 lumina
1746 2386 1888 2429 fastus

914 2456 969 2499 Et
999 2461 1131 2513 caput
1163 2456 1381 2513 impositis
1412 2456 1569 2513 pressit
1598 2470 1722 2499 amor
1751 2455 1951 2513 pedibus.

594 2527 672 2584 11,
691 2526 766 2570 29:
801 2526 930 2571 Ferte
962 2540 1041 2583 per
1070 2530 1287 2571 extremas
1317 2530 1468 2583 gentes
1499 2530 1541 2571 et
1571 2525 1678 2571 ferte
1708 2540 1788 2583 per
1818 2525 1976 2571 undas.

595 2597 674 2655 15,
695 2599 768 2641 11:
801 2596 903 2642 Non
934 2596 1015 2641 tibi
1047 2597 1135 2641 iam
1168 2610 1347 2642 somnos
1377 2610 1466 2641 non
1497 2596 1578 2641 illa
1608 2596 1823 2653 relinquet
1855 2597 2034 2642 ocellos.

592 2668 693 2726 110,
712 2668 788 2712 27:
808 2668 865 2711 At
895 2680 981 2723 quo
1013 2667 1075 2711 sis
1105 2667 1284 2711 humilis
1315 2667 1459 2724 magis
1489 2671 1531 2713 et
1561 2666 1782 2713 subiectus
1813 2667 1967 2725 amori,

919 2738 1017 2780 Hoc
1047 2738 1192 2793 magis
1223 2739 1376 2782 effecto
1410 2751 1541 2795 saepe
1571 2738 1718 2781 fruare
1741 2739 1880 2795 bono,

387 2832 434 2865 ut
465 2821 742 2879 Propertium
773 2821 919 2878 ipsum
951 2833 1137 2874 eumque
1164 2834 1253 2864 non
1284 2834 1383 2864 cum
1416 2819 1606 2878 Cynthia
1648 2819 1726 2864 sed
1778 2834 1876 2864 cum
1915 2820 2012 2864 uiro
2061 2819 2214 2877 aliquo
2244 2833 2376 2877 agere
2415 2833 2504 2864 non
2544 2818 2638 2864 sine

387 2892 541 2946 aliqua
571 2891 767 2934 ueritatis
806 2891 955 2948 specie
993 2889 1257 2934 contendere
1285 2891 1415 2934 nobis
1446 2890 1689 2935 uideamur.
1721 2890 1810 2934 Sed
1857 2894 1999 2933 utrum
2045 2895 2176 2948 poeta
2194 2903 2342 2934 secum
2372 2890 2470 2947 ipse
2501 2888 2637 2933 collo·

387 2966 547 3016 quatur
577 2974 636 3004 an
676 2974 774 3004 cum
805 2960 964 3017 amico,
996 2959 1293 3014 nuncquidem
1324 2962 1371 3005 in
1402 2959 1549 3005 medio
1579 2961 1882 3016 relinquimuS,
1915 2974 1996 3004 nec
2026 2960 2135 3005 tanti
2166 2961 2391 3005 momenti
2408 2964 2495 3015 est3
2525 2957 2638 3004 nihil

385 3032 500 3077 enim
529 3030 729 3091 impedit,
751 3031 984 3087 quominus
1005 3030 1076 3075 his
1107 3030 1262 3089 primis
1292 3031 1526 3076 duodecim
1547 3031 1748 3076 uersibus
1781 3045 2123 3087 cognoscamus3
2144 3031 2333 3088 elegiam
2363 3030 2522 3090 paucis
2543 3028 2637 3085 qui-

384 3104 483 3149 dem
505 3102 583 3148 sed
604 3103 907 3161 Propertianis
936 3103 1138 3148 uersibus
1156 3103 1449 3161 conscriptam
1481 3107 1523 3147 et
1544 3102 1603 3146 ad
1634 3102 1798 3147 exitum
1830 3101 2069 3147 admodum
2098 3101 2337 3147 amabilem
2366 3099 2638 3159 perductam.

1636 3317 1651 3343 Ι
