2827 3592
1444 265 1481 323 8
1506 253 1510 257 .

322 403 503 469 &ferni
535 403 800 447 snbstantiui
831 403 931 448 loco
964 404 1144 463 ponitur
1172 404 1241 448 his
1271 394 1702 461 quoque'uersibus:

537 498 606 541 111
636 498 707 554 26,
740 499 782 543 3.
814 498 926 543 Sunt
953 498 1076 556 apud
1106 498 1301 543 infernos
1331 503 1395 543 tot
1424 499 1548 543 milia
1579 499 1915 544 formonsarum.

539 567 583 611 11
615 568 652 625 1,
686 567 756 611 37.
790 567 990 613 Theseus
1020 567 1218 626 infernis,
1250 569 1423 627 superis
1451 572 1635 613 testatur
1665 567 1879 614 Achilles

544 642 675 691 Uera.
697 650 779 707 III,
812 650 869 695 26
900 651 927 694 3
958 655 1211 707 suspectum
1240 650 1406 695 habent
1435 649 1754 696 Heimreichius
1795 655 1837 696 et
1867 651 2093 710 Weberus,
2126 652 2203 698 uix
2234 653 2351 699 enim
2373 651 2584 704 credibile

325 735 425 767 esse
455 724 501 766 in
530 735 618 766 uno
650 735 780 766 uersu
811 726 986 778 poetam
1016 726 1081 766 ter
1112 722 1327 777 singulari
1358 722 1528 766 ratione
1558 722 1751 765 locutum
1782 735 1891 767 esse.
1924 723 2234 769 Verumtamen
2254 722 2430 769 uersum
2449 723 2595 769 iuter-1

326 792 526 850 polatum
556 805 652 836 esse
698 806 768 836 vv.
799 791 874 835 dd.
906 792 1110 847 quamuis
1141 792 1439 848 grammaticis
1469 792 1713 835 rationibus
1749 797 1957 850 pugnent,
2007 794 2129 839 nullo
2161 793 2294 839 modo
2325 793 2582 840 concedam.

330 863 446 907 Tota
476 864 593 908 enim
624 863 769 919 elegia
799 863 869 906 111
898 863 969 919 26,
1000 863 1087 906 nisi
1118 862 1296 906 omnino
1328 863 1547 918 reiciatur,
1580 862 1669 905 illis
1699 863 1899 907 uersibus
1930 877 2079 909 carere
2117 879 2207 910 non
2244 869 2407 923 potest3
2445 865 2493 910 in
2528 864 2586 910 iis

325 938 538 989 tanquam
570 934 666 978 eius
697 938 761 976 est
792 934 937 989 robur,
967 932 1085 978 unde
1115 933 1246 976 totius
1277 933 1486 975 carminis
1517 932 1642 988 rami,
1675 937 1721 975 ut
1751 933 1812 976 ita
1843 932 2004 990 dicam,
2037 934 2303 991 proueniant
2333 938 2376 980 et
2394 934 2582 980 nascan-
2611 961 2613 963 -

326 1008 409 1048 tur.
471 1003 565 1048 Nec
597 1004 737 1047 cuiuis
768 1003 1071 1060 interpolatori
1123 1002 1380 1046 sententiam
1431 1006 1521 1045 tam
1567 1003 1805 1047 amabilem
1855 1003 2104 1061 attribuam,
2153 1005 2319 1062 quippe
2370 1005 2586 1061 elegantis

330 1079 489 1132 poetae
509 1074 735 1130 ingenium
757 1073 888 1117 nimis
905 1073 1088 1117 eluceat.
1122 1098 1179 1104 —-
1237 1072 1420 1116 Versum
1451 1074 1496 1116 ΙΙ
1536 1073 1568 1128 1,
1601 1073 1655 1115 37
1689 1073 1809 1128 quod
1841 1087 2058 1118 conexum
2087 1075 2401 1119 sententiarum
2439 1076 2586 1120 turbet

326 1145 508 1189 exulare
538 1145 737 1188 iubentes
765 1148 965 1199 caueant,
998 1158 1067 1199 ne,
1101 1144 1175 1198 qui
1206 1142 1360 1186 eodem
1407 1144 1501 1187 iure
1561 1144 1777 1197 quosdam
1813 1143 2121 1189 antecedentes
2159 1159 2313 1189 uersus
2363 1144 2586 1190 excidisse

325 1214 605 1271 contendant,
630 1219 785 1271 poetae
823 1214 981 1259 melius
1013 1214 1240 1258 consulere
1271 1213 1515 1258 uideantur.

1348 1763 1392 1830 3
1423 1787 1519 1833 12.
1553 1788 1645 1833 31.

542 1925 661 1983 Quin
697 1938 788 1984 ego
827 1924 873 1970 in
911 1920 1093 1970 assidua
1133 1926 1299 1969 mutem
1338 1925 1414 1968 tua
1455 1920 1637 1968 nomina
1675 1920 1847 1980 lingua,

613 2018 809 2065 Absenti
846 2030 981 2063 nemo
1020 2031 1078 2061 ne
1116 2017 1331 2062 nocuisse
1369 2014 1498 2061 uelit.

540 2179 755 2224 Jacobus:
795 2180 925 2226 Haec
960 2181 1059 2241 ipsa
1096 2178 1281 2225 solitudo
1317 2182 1395 2223 tua
1432 2192 1586 2223 curam
1624 2179 1823 2234 eximere
1858 2178 1965 2224 milei
1997 2191 2086 2224 non
2117 2182 2278 2239 potest,
2329 2179 2449 2240 qula,
2496 2177 2580 2224 ab·
2621 2225 2635 2239 ,

324 2256 442 2302 senti
474 2253 592 2310 milti,
629 2266 686 2298 ne
723 2253 822 2312 quis
857 2253 1033 2306 noceat,
1081 2254 1269 2294 metuam
1305 2245 1612 2300 interpretatus
1657 2252 1846 2294 metuam
1883 2243 1994 2286 illud
2025 2257 2080 2288 ex
2101 2252 2259 2294 mutem
2328 2249 2579 2302 corruptum

328 2334 425 2365 esse
455 2324 614 2363 censet.
675 2318 731 2360 At
763 2316 882 2371 quod
912 2330 952 2358 u.
988 2315 1028 2357 d.
1062 2315 1389 2369 elegantissime
1420 2313 1618 2364 coniecit,
1666 2313 1720 2355 iis
1767 2327 1879 2367 quae
1919 2313 2180 2356 antecedunt
2211 2313 2411 2356 versibus
2451 2312 2582 2358 valde

327 2404 574 2448 repugnare
604 2388 821 2432 existimo.
853 2385 987 2429 Modo
1019 2384 1136 2427 enim
1169 2384 1280 2426 dixit
1313 2388 1443 2440 poeta
1475 2396 1521 2425 se
1552 2383 1662 2425 nihil
1692 2382 1843 2431 timere
1875 2398 1913 2426 u.
1952 2382 2107 2426 1—10.

541 2483 700 2526 Nullus
731 2486 812 2525 erit
842 2480 998 2524 castris
1029 2479 1202 2522 iuuenis
1233 2482 1461 2534 corruptor
1491 2476 1536 2519 in
1567 2477 1700 2531 agris,

610 2554 695 2605 Qui
726 2559 767 2595 te
799 2550 1028 2594 blanditiis
1060 2564 1148 2592 non
1180 2550 1293 2592 sinat
1325 2562 1420 2596 esse
1453 2548 1653 2603 probam,

543 2625 647 2668 Sola
678 2624 764 2668 eris
796 2627 837 2666 et
868 2622 988 2665 solos
1019 2620 1252 2677 spectabis,
1287 2618 1490 2676 Cynthia,
1523 2623 1703 2670 montes,

612 2695 665 2736 Et
695 2707 830 2750 pecus
862 2696 904 2735 ct
932 2691 1042 2734 fines
1074 2691 1282 2746 pauperis
1314 2689 1554 2744 agricolae,

541 2764 641 2807 Illic
671 2768 712 2807 te
742 2762 854 2805 nulli
885 2765 1089 2818 poterunt
1121 2772 1398 2816 corrumpere
1427 2757 1522 2801 ludi
1554 2762 1594 2801 et
1626 2771 1701 2811 qu.
1734 2771 1821 2811 seq.

541 2869 634 2913 Nec
651 2866 872 2923 quomodo
887 2880 986 2910 cum
1002 2865 1203 2910 uersibus
1219 2864 1307 2908 illis
1323 2867 1548 2919 congruat,
1567 2862 1684 2917 quod
1704 2862 1982 2917 Herzbergus
1995 2867 2263 2906 commentus
2280 2867 2357 2918 est,
2377 2861 2584 2918 intellego

329 2946 573 3006 „Quamuis
606 2947 653 2990 tu
684 2941 847 3004 procul
878 2939 937 2988 ab
973 2938 1088 2987 urbe
1124 2940 1403 3001 corruptrice
1438 2938 1484 2983 in
1520 2937 1751 2984 solitudine
1786 2938 1992 2983 montium
2029 2951 2158 2998 ayas,
2177 2952 2266 2984 non
2295 2941 2443 2984 tamen
2473 2937 2585 2984 satie
2634 2997 2636 2999 Ι

330 3042 537 3075 securum
571 3041 640 3071 me
672 3028 801 3070 ratus
837 3023 1040 3068 abstineo
1064 3023 1184 3084 ,quin
1210 3020 1264 3067 de
1299 3025 1343 3066 te
1379 3024 1543 3082 tuaque
1578 3019 1674 3081 fide
1707 3020 1874 3064 anxius
1897 3022 2017 3064 tumn
2052 3033 2210 3065 nomen
2247 3022 2390 3065 mente
2425 3022 2470 3064 et
2502 3032 2584 3066 ore
2619 3072 2622 3075 4

329 3117 507 3157 uoluam
543 3111 569 3154 i.
611 3123 650 3156 e.
686 3110 860 3154 mntem.
899 3115 1019 3171 (px-02
1058 3105 1300 3162 mouitem).

543 3200 613 3242 Ab
644 3203 828 3253 utroque
858 3198 975 3241 enim
1006 3200 1137 3253 poeta
1174 3196 1324 3251 magni
1369 3194 1538 3238 timoris
1583 3193 1794 3249 arguitur,
1828 3205 1914 3247 quo
1952 3192 2056 3235 dum
2093 3191 2282 3250 Cynthia
2320 3191 2410 3235 ruri
2447 3191 2584 3236 uitam

329 3276 481 3330 ageret
511 3284 559 3315 se
604 3283 783 3328 prorsus
815 3268 1067 3314 destitutum
1099 3280 1194 3312 esse
1224 3266 1334 3324 ipsis
1365 3265 1515 3311 uerbis
1544 3278 1578 3308 s,
1613 3263 1656 3309 d.
1688 3263 1923 3322 profitetur.
