2827 3592
128 428 153 463 3
372 398 586 443 Βοίκί’
609 399 837 459 practerea
871 395 935 440 ita
980 396 1366 455 interpretantibus
1418 396 1530 441 haec
1560 397 1700 442 altera
1746 411 1874 442 crux:
1906 414 2056 449 nemo
2083 416 2170 479 ¹2⁶3
2203 397 2316 442 duas
2336 399 2454 444 enim

166 498 168 501 v
195 419 456 558 negationes
490 472 589 532 'pio'
600 472 696 512 una
724 466 850 524 poni
846 467 908 511 in
937 466 1218 524 prohibitiuis
1248 466 1492 511 enunciatis
1520 482 1650 513 nemo
1681 468 1827 513 adhuc
1857 469 1965 512 satis
1997 468 2141 512 euicit.

260 554 262 556 ·
333 565 335 567 -
405 538 509 583 Ῑιιιι
535 530 654 594 uide,
685 536 771 593 sis,
790 550 895 581 ιιιιιιι
926 537 1156 593 contigerit
1184 537 1327 593 nobis,
1357 541 1406 581 ut
1433 537 1616 592 aliquod
1644 537 1794 583 lumen
1821 539 1925 582 huic
1954 538 2055 581 loco
2086 537 2353 582 afferremus.

388 607 603 654 Primum
632 605 750 651 enim
778 619 932 651 uersus
962 606 1020 651 25
1050 611 1093 651 et
1122 607 1219 651 26;

377 681 381 687 ’
405 697 408 701 ’
477 675 548 722 'l'u
578 676 784 733 quotiens
809 676 982 733 aliquid
1013 678 1243 736 conabere,
1274 677 1380 729 uita,
1410 683 1626 724 memento

432 754 435 758 ’
476 746 717 793 Venturum
745 747 900 805 paucis
923 762 995 793 me
1022 748 1103 792 tibi
1131 747 1359 793 Luciferis.

198 818 326 867 sedes
363 822 532 863 mutare
559 820 602 862 et
629 816 761 863 finem
790 818 962 874 elegiae
991 831 1209 875 occupare
1257 817 1402 875 iubeo,
1452 833 1555 865 nam
1595 819 1666 864 his
1711 820 1920 865 uersibus·
1959 819 2185 877 aptissime
2243 816 2448 864 concludi

179 888 430 948 ¹epistolam
485 900 564 945 pro
603 891 720 932 certo
750 887 911 933 habco.
960 888 1056 940 Quo
1102 887 1234 932 modo
1279 902 1321 933 ιι.
1368 890 1425 933 26
1470 893 1627 956 lnteyit
1680 897 1724 940 et
1757 896 1914 940 niueos
1966 892 2106 939 abluit
2156 892 2276 938 unda
2312 891 2448 938 boues·

200 957 415 1017 excipitur
444 957 645 1002 uersibus
676 957 751 1013 qui
781 957 976 1003 feruntur
1004 958 1179 1003 29-32
1207 961 1288 1011 Sic
1321 978 1392 1011 me
1426 978 1510 1012 nec
1545 963 1671 1012 solae
1707 974 1742 1005 e.
1791 973 1830 1015 q.
1876 973 1925 1016 s.,
1957 962 2037 1011 Sic
2087 958 2306 1016 particula
2357 958 2447 1002 uim

127 1051 130 1054 ⁴
190 1027 584 1074 demonstratiuam
612 1028 846 1073 obtinente.

406 1097 581 1144 Deinde
611 1098 731 1155 quod
760 1099 1038 1145 Burmannus
1069 1100 1277 1145 coniecit:
1311 1103 1424 1164 Quin
1458 1119 1541 1167 39⁰
1573 1104 1810 1152 inadsueta
1845 1105 1978 1152 uitem
2011 1105 2089 1145 tua
2127 1115 2170 1145 n.
2202 1099 2231 1143 l.
2279 1099 2341 1143 ita
2377 1098 2443 1143 in-

198 1173 474 1228 terpretatus:
509 1175 662 1215 contra
692 1170 868 1215 solitum
897 1184 1062 1216 morem
1100 1171 1250 1216 uitabo
1291 1170 1347 1227 de
1381 1175 1424 1215 te
1488 1171 1612 1227 loqui
1656 1170 1775 1229 apud
1819 1171 1946 1228 alios,
1980 1171 2134 1216 ceteris
2177 1183 2292 1226 quae
2336 1169 2443 1213 Bur·

192 1253 381 1285 mannus
411 1245 681 1286 commentus
701 1245 778 1298 est,
809 1241 994 1296 reiectis,
1016 1247 1149 1293 uitem
1176 1241 1291 1285 illud
1320 1241 1519 1298 praefero
1549 1242 1755 1286 omnibus
1769 1242 2038 1286 ‘coniecturis
2065 1240 2303 1297 (congestis
2325 1238 2446 1297 apud

196 1309 354 1355 Berzb.
387 1310 447 1355 ad
476 1311 595 1356 hunc
623 1312 788 1369 locum)
819 1317 861 1357 et
889 1313 938 1356 in
966 1324 1110 1357 meum
1141 1325 1267 1356 usum
1298 1319 1519 1356 conuerto.
1549 1337 1608 1345 —

405 1382 518 1426 Tum
547 1383 596 1427 in
624 1386 810 1434 assidua
844 1387 995 1450 linqua
1029 1398 1109 1442 pro
1151 1384 1200 1428 in
1238 1383 1419 1428 assiduo
1460 1397 1659 1428 sermone
1699 1397 1796 1428 esse
1826 1383 1991 1427 dietum
2032 1383 2141 1427 mihi
2188 1383 2359 1427 uidetur
2396 1386 2442 1425 ut

193 1452 274 1496 cic
318 1452 392 1497 ad.
421 1452 524 1498 fam.
557 1454 600 1499 9.
631 1453 677 1496 2.
710 1458 757 1498 ιιι
786 1454 971 1499 uitemus
1003 1455 1154 1497 oculos
1185 1453 1425 1510 hominum,
1458 1455 1496 1497 si
1533 1455 1709 1510 linguas
1754 1454 1897 1497 minus
1942 1454 2075 1498 facile
2115 1467 2360 1511 possumus,
2399 1457 2441 1497 et

185 1522 294 1567 Liv.
323 1522 392 1567 33.
425 1523 494 1568 31
527 1523 575 1567 Si
599 1524 857 1569 Aetolorum
885 1524 1062 1580 linguas
1092 1522 1322 1568 retundere
1352 1524 1528 1569 uellent.
1590 1523 1644 1568 cf.
1676 1524 1808 1580 Prop.
1847 1524 1889 1568 el
1921 1523 1987 1568 111
2019 1523 2089 1580 30,
2141 1523 2217 1568 25:
2271 1521 2360 1567 Sed
2389 1527 2435 1565 tu

195 1606 286 1637 non
317 1591 452 1637 debes
480 1592 689 1638 inimicae
719 1592 897 1638 credere
926 1594 1117 1649 linguae.

403 1663 629 1708 Postremo
659 1663 799 1721 Neap.
831 1663 1132 1708 auctoritatem
1163 1667 1335 1708 secutus
1365 1667 1506 1715 Nemo
1541 1682 1632 1715 non
1666 1664 1941 1709 retinendum
1977 1678 2073 1710 esse
2105 1677 2276 1721 cense0‚
2299 1676 2439 1719 neque

194 1745 458 1789 quemquam
489 1746 662 1784 erucem
691 1734 816 1779 illam
846 1734 944 1779 tolli
974 1734 1205 1780 uetiturum
1237 1747 1334 1779 esse
1364 1734 1550 1779 confido.

402 1805 500 1848 Iam
531 1805 647 1862 uide,
667 1819 723 1849 ne
753 1805 915 1849 euadat
945 1806 1175 1862 aptissima
1205 1798 1419 1850 sententia
1463 1805 1617 1850 haece:
1665 1805 1782 1850 Dum
1812 1811 1858 1850 tu
1887 1807 1984 1851 sola
2014 1807 2145 1851 deuia
2174 1820 2279 1850 rura
2315 1806 2437 1861 colis,

194 1887 276 1928 ego
307 1886 482 1929 quoque
525 1876 646 1919 solus
676 1889 764 1927 ero,
796 1875 1020 1920 uenationi
1059 1889 1238 1933 operam
1271 1875 1388 1919 dabo
1419 1874 1647 1919 fluminum
1693 1881 1734 1920 et
1771 1877 1984 1933 siluarum
2024 1877 2171 1921 socius
2216 1881 2257 1920 et
2288 1889 2433 1920 comes

174 1944 309 1987 ⁴Nam
320 1945 384 1988 sic
399 1945 501 1998 (hac
517 1946 703 2002 ratione)
725 1961 814 1990 non
829 1960 1009 2003 possum
1030 1946 1268 2002 prohiberi,
1285 1960 1340 1990 ne
1377 1952 1553 1996 uitem
1597 1948 1824 1991 assiduum
1843 1947 2069 1992 hominum
2087 1962 2331 1992 sermonem
2358 1953 2434 1992 tua

194 2014 375 2064 nomina
395 2016 796 2073 perstringentiumr,
827 2017 908 2060 tibi
939 2017 1055 2061 enim
1085 2017 1258 2060 absenti
1287 2035 1447 2067 nemo
1481 2036 1570 2071 non
1614 2017 1840 2061 maledicit
1873 2019 2018 2072 (ef.III
2035 2019 2107 2067 30,
2124 2019 2181 2061 23
2209 2032 2257 2061 s.:
2284 2018 2435 2076 Nuper

192 2084 310 2128 enim
331 2083 387 2129 dc
416 2089 458 2130 te
487 2085 660 2130 nostras
681 2101 752 2131 me
772 2086 911 2131 laedit
939 2086 999 2130 ad
1029 2100 1158 2130 aures
1189 2100 1347 2143 rumor,
1366 2091 1408 2130 et
1435 2086 1483 2129 in
1511 2090 1603 2130 tota
1635 2102 1724 2132 non
1755 2089 1898 2132 bonus
1918 2089 2026 2132 urbe
2056 2088 2137 2132 fuit
2176 2088 2431 2142 (Schneide-

189 2154 334 2198 winus
380 2160 611 2207 maledicit
650 2157 710 2201 ad
739 2159 886 2213 aures)
917 2157 963 2200 II
1002 2157 1044 2213 5,
1080 2158 1102 2199 1
1143 2170 1190 2200 s:
1238 2156 1334 2200 Hoc
1370 2160 1573 2213 uerumst‚
1611 2161 1702 2201 tota
1740 2163 1782 2202 te
1820 2158 1936 2214 ferri,
1969 2158 2172 2215 Cynthia,
2212 2162 2353 2208 Roma
2393 2171 2435 2210 et

191 2241 281 2272 non
310 2228 643 2284 ignota-uiuere
671 2227 879 2283 nequitia.
942 2228 1011 2270 III
1047 2228 1112 2283 11,
1147 2226 1214 2269 15.
1278 2226 1463 2271 Credam
1491 2240 1574 2282 ego
1605 2229 1817 2284 narranti,
1849 2229 1941 2272 noli
1974 2230 2251 2288 committere,
2274 2216 2432 2295 famae,

188 2302 233 2342 et
260 2302 420 2341 terram
449 2312 598 2341 rumor
626 2297 815 2341 transilit
846 2302 887 2342 et
917 2297 1068 2340 maria.
1102 2301 1200 2351 etc.)

1186 2543 1229 2610 3
1259 2570 1356 2626 az,
1388 2567 1489 2615 31.

400 2698 470 2745 Tu
505 2701 646 2747 satius
682 2714 932 2747 memorem
969 2701 1096 2748 lusus
1133 2703 1304 2748 mirere
1338 2700 1576 2748 Philetam.

211 2763 382 2843 codd.
401 2799 442 2844 N
459 2803 501 2843 et
523 2799 832 2851 &memorem
856 2803 1009 2851 Musis,
1032 2800 1161 2853 Quod
1182 2814 1280 2844 cum
1310 2814 1484 2844 sensum
1515 2801 1624 2845 satis
1654 2801 1863 2846 idoneum
1894 2817 1983 2847 non
2014 2806 2236 2863 praebeat,
2276 2810 2419 2853 multi-

184 2870 383 2915 tudinem
413 2869 761 2915 coniecturarum
790 2870 1038 2916 inuenimus
1053 2871 1173 2928 apud
1189 2871 1498 2927 Burmannum‚
1514 2870 1863 2923 Lachmannum‚
1893 2874 2123 2932 Jacobum,
2146 2877 2419 2937 Paldamum,

187 2941 498 2997 Herzbergum.
530 2941 650 2987 Inter
679 2942 943 2987 recentiores
975 2942 1194 3000 Hauptius
1211 2940 1480 2987 emendauit:
1518 2944 1587 2992 Tu
1611 2945 1751 2994 Latiis
1796 2946 2020 3010 Meropem
2069 2954 2206 2998 mm
2255 2955 2425 3001 imitere

105 3007 133 3033 Ψ
187 3014 402 3064 Ηιίἱειωι.

397 3093 673 3149 Quamquam
703 3108 775 3139 uu.
808 3094 883 3140 dd.
921 3094 1024 3140 huic
1054 3095 1153 3140 loco
1185 3109 1364 3152 operam
1398 3098 1610 3140 nauantes
1648 3096 1851 3142 acumine
1889 3102 1929 3142 et
1988 3098 2188 3144 doctrina
2227 3101 2416 3147 admira·

183 3165 347 3212 tionem
377 3164 570 3211 excitant
599 3179 827 3223 summam,
858 3170 1006 3211 tamen
1042 3165 1220 3211 iudiciis
1249 3170 1339 3211 tam
1376 3164 1741 3223 discrepantibus,
1761 3172 1808 3212 ιιι
1837 3167 1983 3213 locum
2014 3169 2158 3216 denuo
2189 3176 2420 3219 tractarem

185 3248 282 3283 sum
311 3239 565 3282 commotus.
