2827 3592
1097 229 1695 283 *4—

502 434 611 479 Mihi
640 434 818 491 quidem
849 436 993 494 Hylas
1025 437 1063 480 si
1094 435 1205 481 sorte
1236 437 1310 480 ala
1350 437 1629 494 apprehensa
1674 436 1900 494 paulisper
1938 435 2233 495 pependisset,
2270 436 2358 481 nisi
2395 439 2542 488 statim

286 505 504 551 omisisset
535 506 722 564 plumas,
753 506 886 550 nimis
918 506 1047 551 stulte
1078 512 1119 550 et
1147 513 1308 552 temere
1338 508 1485 568 egisse
1513 506 1727 569 uideatur.
1790 507 1903 552 Nam
1936 507 2021 552 nisi
2051 511 2168 552 terra
2202 506 2336 552 nixus
2374 510 2417 552 et
2451 504 2543 552 for·

293 577 390 620 titer
419 590 545 620 ramo
577 581 877 633 persecutores
907 590 1145 633 aggressus
1175 571 1266 620 non
1297 578 1354 621 ab
1374 565 1535 622 ‘eorum
1564 576 1802 634 impetibus
1833 578 1974 635 potuit
1990 576 2182 622 defendi.
2203 577 2224 629 ’Δ
2241 576 2394 632 ltaque
2418 576 2542 621 nullo
2623 571 2626 574 ’

289 647 422 691 modo
453 647 716 704 pendentem
746 661 928 704 puerum
971 652 1103 703 poeta
1148 644 1321 691 videtur
1350 647 1544 703 finxisse,
1585 646 1664 691 sed
1692 651 1953 714 prudentem
1989 652 2031 692 et
2076 647 2193 691 hunc
2231 646 2543 693 sententiarum

289 719 486 763 uoluisse
516 731 753 762 conexum:
786 719 901 762 Puer
930 723 1230 775 persecutores
1265 719 1469 762 manibus
1499 723 1754 776 appetentes
1784 731 1909 762 ramo
1929 723 2105 762 amouet
2135 722 2177 761 et
2205 719 2299 762 tuin
2327 715 2388 761 ad
2413 716 2542 761 sinis-

289 796 394 845 traS,
425 794 518 832 tum
549 787 609 832 ad
640 788 819 832 dextras
850 789 947 832 alas
978 802 1030 833 eo
1062 787 1250 832 consilio
1282 788 1489 846 declinat,
1521 803 1576 834 ne
1607 788 1842 846 arripiatur
1872 789 2078 833 manibus
2108 788 2194 833 alis
2223 787 2402 844 quidem
2439 787 2543 833 bre·-

2700 706 2705 707 1
2707 210 2712 217 ι
2692 183 2700 193 ι·
2687 139 2705 172 Τ
2687 120 2697 126 “
2696 74 2698 76 -
2690 5 2712 47 213»ae

2707 139 2726 166 ᾖ·
2713 76 2734 121 ⁴3⁴„
2710 0 2732 48 *Ji*-

2745 568 2748 571 ,
2739 268 2745 288 .,
2728 152 2760 213 ’.αέιὲ
2742 104 2760 136 >Q
2725 34 2759 75 535¹»
2740 6 2744 10 .

2767 834 2784 839 ι.
2777 761 2779 763 Ι
2773 410 2775 413 ,
2766 337 2776 357 ,.
2761 294 2779 320 ..Αἰ
2761 235 2785 265 Ἰ.
2763 179 2784 207 ...ἶ
2763 117 2779 157 -ξ-
2759 51 2776 86 -.’,Α

2790 413 2796 421 ,
2788 373 2790 375 ,
2782 190 2792 249 «ι’-κ,
2785 155 2788 158 -

2799 875 2804 885 ·
2799 779 2802 787 ⁴
2795 526 2807 759 *ν*-·--·-’““·
2794 414 2801 514 -““····“”““’
2808 359 2813 364 ,
2800 289 2818 346 >η;,,
2805 260 2808 270 ,.
2806 242 2811 244 2
2797 148 2812 228 :72⁴¹

2820 521 2822 523 v
2815 381 2825 388 κ
2819 335 2827 341 ι
2810 242 2827 282 '1⁴³
2823 200 2825 202 .
2810 176 2814 181 ”
2818 145 2826 149 ,

292 860 506 904 uioribuS.
567 858 832 903 Prudentem
864 872 911 903 se
942 864 1137 915 praestat
1163 858 1248 902 boc
1280 859 1412 903 modo
1443 860 1630 916 impetus
1660 860 1817 903 iterum
1849 864 1982 916 atque
2013 859 2168 903 iterum
2208 858 2415 915 repetitos
2454 871 2543 901 non

289 930 387 973 sinc
417 943 581 984 magno
613 942 693 972 suo
725 928 891 982 gaudio
922 928 1148 983 effugiens.

1235 1537 1273 1601 1
1302 1561 1355 1617 a,
1396 1558 1482 1605 16

511 1669 772 1733 Osculaque
807 1669 990 1716 admota
1028 1685 1211 1717 sumere
1249 1675 1294 1717 et
1331 1685 1457 1716 arma
1496 1684 1645 1719 manu.

299 1832 545 1924 Zeugma,
568 1867 770 1922 quamuis
787 1866 1042 1921 Herzbergo
1061 1866 1337 1922 defendente,
1360 1866 1598 1909 admodum
1618 1867 1774 1910 durum
1807 1872 1884 1922 est,
1902 1880 2043 1920 neque
2073 1880 2171 1908 cum
2186 1865 2472 1910 Lachmanno
2489 1865 2555 1908 fa-

302 1939 371 1981 cio
402 1951 527 1981 arma
556 1950 727 1980 sumere
757 1935 875 1979 idem
906 1949 960 1979 ac
991 1935 1121 1979 dulce
1153 1935 1336 1980 Veneris
1367 1936 1533 1979 bellum
1565 1950 1722 1992 parare
1750 1937 2072 1992 interpretante.
2132 1935 2318 1980 Accedit
2357 1935 2474 1991 quod
2515 1940 2558 1979 et

302 2008 423 2064 apud
455 2007 786 2052 Lachmannum
819 2011 860 2050 et
890 2005 1012 2062 apud
1043 2005 1343 2061 Herzbergum
1373 2006 1486 2049 illud
1514 2011 1694 2057 admota
1713 2025 1862 2068 manu,
1899 2006 2006 2061 quid
2036 2006 2121 2050 sibi
2154 2006 2280 2062 uelit,
2307 2010 2421 2050 recte
2459 2019 2558 2063 per-

308 2078 419 2134 spici
451 2091 541 2120 uon
571 2082 725 2133 potest.
786 2075 879 2119 Nec
910 2089 1015 2119 uero
1047 2076 1311 2141 coniecturis
1342 2094 1457 2126 cara
1496 2077 1695 2120 Muelleri
1717 2082 1793 2120 aut
1811 2085 1946 2141 yram
1982 2076 2221 2132 Rossbergi
2258 2076 2560 2121 controuersia

305 2147 540 2202 dirimitur;
572 2147 704 2190 nimis
733 2146 814 2189 illa
842 2145 1067 2190 adiectiua
1095 2145 1386 2202 superfluunt3
1407 2159 1511 2190 nam
1541 2146 1694 2190 bibulo
1726 2146 1791 2190 illi
1824 2152 1950 2201 grata
1980 2146 2050 2191 uel
2073 2160 2176 2190 cara
2206 2147 2304 2191 uisa
2324 2160 2421 2190 esse
2442 2146 2558 2204 Cyn-

308 2218 429 2261 thiae
460 2217 715 2260 dormientis
747 2216 900 2259 oscula
931 2217 1031 2271 quis
1063 2221 1128 2260 est
1157 2218 1264 2271 quin
1295 2215 1521 2260 concedat.

522 2288 574 2332 In
605 2293 793 2332 mentem
824 2287 933 2331 mihi
966 2287 1086 2331 uenit
1115 2286 1334 2331 Ariadnes
1365 2288 1485 2330 illius
1511 2288 1764 2331 simillimae
1795 2288 1973 2342 quidem
2006 2288 2221 2345 Cynthiae
2261 2287 2346 2331 hoc
2385 2288 2484 2332 loco
2530 2301 2561 2331 a

308 2364 444 2416 poeta
474 2358 736 2416 descriptae,
768 2364 815 2402 ut
844 2358 907 2401 ita
937 2357 1056 2402 hunc
1086 2358 1231 2402 locum
1263 2372 1353 2402 non
1383 2358 1497 2401 salso
1529 2358 1801 2415 interpretari
1832 2358 1940 2401 mihi
1971 2358 2144 2402 uidearz
2178 2358 2414 2416 Cynthiam
2443 2358 2561 2402 enim

307 2445 396 2474 non
427 2430 555 2474 certis
585 2429 790 2473 manibus
821 2433 955 2484 caput
984 2428 1136 2472 nixam
1169 2429 1419 2472 osculaturo
1452 2433 1492 2471 et
1522 2429 1719 2471 subiecto
1751 2428 1907 2471 leuiter
1947 2429 2135 2483 positam
2177 2429 2341 2471 lacerto
2377 2433 2558 2484 tempta-

306 2503 402 2543 turo
434 2512 533 2543 cum
564 2512 721 2543 manus
753 2497 970 2556 Cynthiae
999 2498 1234 2554 obstarent,
1266 2497 1405 2542 altera
1435 2503 1550 2543 certe
1582 2512 1737 2542 manus
1768 2498 1826 2542 ab
1857 2511 1962 2542 aure
1992 2497 2242 2542 amoucnda
2273 2503 2376 2543 erat.
2417 2497 2561 2550 Quam

307 2584 399 2614 rem
431 2582 774 2614 commemorare
803 2573 936 2626 poeta
974 2572 1206 2626 propterea
1245 2581 1334 2613 non
1380 2568 1706 2625 supersedebat,
1755 2573 1801 2612 ut
1838 2568 2014 2625 puellae
2059 2567 2245 2613 iacentis
2289 2568 2481 2625 speciem
2520 2571 2564 2612 et

306 2641 494 2685 formam
527 2653 659 2695 quam
689 2639 1019 2684 accuratissime
1050 2638 1343 2683 adumbraret.
1387 2638 1541 2694 Itaque
1570 2637 1806 2695 legendum
1838 2651 1934 2682 esse
1964 2638 2081 2682 hunc
2112 2651 2285 2684 uersum
2340 2637 2559 2695 suspicor:

523 2759 784 2824 Osculaque
823 2775 847 2807 a
861 2776 903 2807 m
918 2775 946 2808 o
958 2765 975 2807 t
989 2775 1014 2807 a
1053 2774 1236 2808 sumere
1273 2758 1331 2807 ab
1367 2775 1394 2806 a
1410 2774 1471 2807 ur
1486 2775 1513 2807 e
1550 2775 1700 2809 manu.
