2827 3592
1003 252 1382 315 -ω
1616 291 1619 294 ,

209 432 216 438 .
256 443 260 448 ,
316 426 319 432 .
447 387 599 446 Tertia
621 401 733 447 -pars
763 388 1096 446 comprehendit
1125 404 1278 437 uersus
1308 389 1623 447 duodeuigenti
1645 387 1703 440 (a.
1735 401 1778 432 u.
1805 386 1864 431 23
1877 432 1880 435 ,
1893 399 2033 441 usque
2061 384 2122 429 ad
2149 386 2297 441 finem)
2330 400 2478 443 neque

229 475 334 513 :eam
363 458 560 515 undique
586 457 836 507 absolutam
865 459 1055 517 elegiam
1085 475 1182 508 esse
1209 460 1478 517 negauerim,
1508 460 1571 505 ita
1597 464 1757 516 tamen,
1789 463 1848 503 ut⁴
1863 458 2056 515 quadam
2079 457 2246 502 ratione
2265 470 2365 503 cum
2383 471 2476 516 me·

212 532 314 577 ,dia
342 529 488 588 elegia
518 528 764 575 cohaereat.
795 529 911 575 Nam
941 536 988 575 ut
1016 530 1112 576 illic
1141 530 1363 588 conuiuia,
1407 529 1479 575 hic
1523 542 1716 575 amorem
1769 528 1967 574 defendit
1995 528 2054 572 ab
2091 526 2473 584 obiurgationibus

233 614 387 660 senum
416 611 702 653 moi-osorum.
753 599 915 644 Versus
945 604 1090 646 autem
1119 601 1174 645 31
1207 609 1250 646 et
1278 600 1356 645 322
1388 600 1557 654 Quodsi
1585 612 1714 644 nemo
1735 603 1866 656 extat,
1898 598 1973 654 qui
2004 595 2158 643 uicerit
2185 598 2304 642 alitis
2333 612 2475 657 arma,

234 670 488 717 Communis
533 669 692 728 culpae
738 683 815 715 cur
843 684 944 716 reus
973 685 1086 716 unus
1117 665 1260 728 agor?
1289 696 1349 704 -—
1381 675 1482 729 post
1510 683 1685 716 uersum
1712 669 1970 714 uicesimum
1999 672 2199 724 quartum
2229 669 2374 713 locum
2395 670 2471 714 ob·

231 742 369 788 tinere
397 741 541 786 iubeo.
606 740 705 793 Quo
735 741 867 785 modo
897 746 1061 787 mutato
1093 742 1247 787 ordine
1276 742 1367 786 illis
1397 742 1597 785 uersibus
1612 753 1694 784 nec
1715 740 2024 784 sententiarum
2047 752 2240 785 conexus
2263 740 2477 796 turbatur,

205 817 211 829 '
233 817 276 858 et
302 815 421 863 amis
456 823 545 855 uox
576 809 867 868 praecedente
899 814 1078 863 Amoris
1106 812 1325 857 neminem
1353 812 1444 856 iam
1474 810 1676 857 offendet.

353 907 516 953 Versus
546 911 693 952 autem
722 906 777 951 37
794 906 926 951 -40

439 977 525 1021 Hic
555 977 631 1022 ubi
661 990 732 1022 me
761 976 909 1035 prima
938 978 1128 1020 statuent
1155 975 1203 1020 in
1233 979 1357 1033 parte
1387 974 1586 1032 choreae,

509 1048 568 1093 Et
596 1046 768 1092 medius
798 1049 926 1092 docta
956 1045 1140 1105 cuspide
1171 1045 1374 1091 Bacchus
1403 1045 1498 1103 erit,

440 1119 553 1163 Tum
587 1117 721 1175 capiti
751 1130 903 1162 sacros
935 1117 1079 1175 patiar
1110 1116 1302 1174 pendere
1331 1117 1578 1175 corymbos,

510 1189 626 1233 Nam
640 1240 642 1243 v
656 1189 752 1232 sine
780 1193 823 1232 te
853 1193 1046 1233 nostrum
1078 1202 1167 1232 non
1198 1189 1319 1233 ualet
1345 1188 1584 1244 ingenium,

230 1259 452 1316 quomodo
482 1258 661 1317 legendi
691 1259 936 1310 uideantur,
967 1264 1013 1303 ut
1042 1263 1144 1318 apte
1173 1259 1230 1304 iis
1259 1258 1544 1304 concludatur
1573 1257 1731 1314 elegia,
1764 1257 1918 1315 paucis
1948 1256 2244 1314 explicaturus
2273 1270 2381 1302 sum.

442 1330 584 1375 Uersu
615 1330 731 1374 enim
758 1330 837 1374 402
869 1329 984 1373 Nam
1026 1330 1119 1374 sine
1163 1335 1205 1374 te
1234 1334 1313 1374 etc.
1346 1342 1578 1384 quemnam
1613 1328 1749 1372 alium
1793 1327 2044 1383 significare
2087 1331 2229 1385 potest
2268 1327 2381 1372 illud
2425 1335 2477 1379 te
2518 1344 2522 1347 ·

231 1414 363 1456 quam
394 1400 616 1445 Bacchum
646 1399 779 1445 modo
810 1404 1206 1456 commemoratum,
1238 1399 1285 1443 id
1314 1398 1433 1455 quod
1456 1399 1588 1443 totius
1617 1397 1822 1442 carminis
1853 1396 2011 1442 rationi
2049 1403 2321 1454 repugnaret.
2372 1398 2467 1443 Hoc

232 1471 349 1517 enim
379 1485 555 1516 carmen
586 1472 643 1526 (a.
676 1485 718 1516 ιι.
749 1470 823 1528 23)
853 1470 912 1515 ad
959 1469 1174 1529 Cynthiae
1203 1484 1397 1516 amorem
1447 1468 1769 1515 defendendum
1833 1467 2087 1526 institutum,
2149 1468 2302 1514 eodem
2352 1470 2467 1516 unde

229 1543 403 1588 initium
434 1543 608 1600 ceperit,
655 1556 812 1599 nempe
841 1542 900 1585 ad
933 1542 1165 1600 Cynthiam
1196 1542 1339 1586 redire
1367 1540 1486 1585 haud
1518 1540 1652 1584 dubie
1697 1553 1800 1584 uero
1832 1539 2013 1597 propius
2058 1544 2133 1590 est.
2196 1540 2349 1595 Itaque
2378 1541 2468 1584 iam

231 1613 542 1657 Lachmannus
551 1612 791 1656 etIacobus
807 1626 885 1668 pro
898 1630 967 1662 me
979 1612 1025 1655 in
1046 1624 1175 1655 uersu
1197 1611 1251 1655 37
1265 1620 1308 1661 te
1329 1612 1610 1668 scripserunt,
1632 1610 1691 1653 ad
1711 1610 1829 1665 quod
1849 1610 1963 1653 illud
1991 1610 2221 1653 nouissimi
2258 1624 2409 1654 uersus
2424 1619 2468 1661 te

231 1682 383 1728 referri
403 1683 553 1740 itaque
573 1682 808 1740 Cynthiam
824 1682 972 1726 induci
996 1682 1215 1726 uolebant.
1270 1682 1551 1737 flerzbergus
1583 1694 1758 1736 quoque
1786 1680 2001 1737 Cynthiae
2024 1680 2287 1724 mentionem
2307 1680 2353 1724 in
2381 1681 2472 1726 fine

230 1753 437 1797 carminis
467 1752 644 1808 assequi
674 1752 829 1809 studet,
852 1752 918 1795 illi
948 1760 992 1802 te
1027 1751 1257 1796 nouissimi
1294 1764 1445 1795 uersus
1491 1764 1651 1795 nomen
1696 1749 1910 1807 Cynthiae
1955 1749 2235 1806 repetendum
2279 1764 2375 1795 esse
2412 1764 2468 1795 ex

230 1824 386 1867 uerbo:
417 1826 491 1874 hic
520 1837 562 1868 u.
593 1824 648 1865 37
681 1823 772 1876 (hic
801 1822 830 1866 i.
863 1833 898 1866 e.
931 1827 1072 1866 tecum
1102 1823 1149 1867 in
1181 1823 1334 1880 patriis
1364 1821 1603 1877 montibus)
1636 1820 1913 1865 contendens.
1954 1821 2021 1863 Ea
2039 1825 2198 1877 autem,
2230 1834 2344 1875 quae
2373 1821 2467 1865 uult

228 1893 518 1951 Herzbergus,
556 1894 701 1939 inesse
730 1894 777 1938 in
808 1894 967 1938 uocula
996 1894 1077 1937 illa
1103 1896 1177 1945 1230
1213 1893 1289 1937 uix
1321 1892 1524 1948 cuiquam
1555 1892 1695 1949 possit
1723 1892 1902 1950 probari

437 1963 525 2009 Sed
555 1956 686 2009 etiam
722 1978 826 2008 num
842 1964 1152 2013 Lachmannus
1202 1968 1244 2008 et
1258 1964 1447 2008 Iacobus
1481 1971 1525 2014 {e
1548 1977 1628 2021 pro
1652 1982 1723 2014 me
1745 1977 1786 2007 u.
1809 1963 1863 2006 37
1881 1969 1997 2008 recte
2008 1967 2174 2020 ponant
2189 1962 2356 2008 dubito.
2369 1962 2468 2007 Ete-

228 2036 318 2079 nim
350 2035 536 2079 choreae
565 2035 685 2078 illius
715 2035 1107 2092 personas‚induci
1139 2049 1167 2078 a
1198 2038 1327 2092 poeta
1358 2034 1464 2078 mihi
1497 2047 1753 2091 persuasum
1784 2039 1848 2078 est
1877 2034 2029 2077 hasce:
2100 2034 2279 2078 Poetam
2310 2034 2465 2092 ipsum,

227 2105 451 2150 Bacchum
480 2119 578 2149 cum
610 2104 813 2162 Cynthia,
843 2106 1014 2161 Musas,
1048 2120 1190 2160 neque
1224 2106 1303 2149 illo
1333 2124 1403 2155 me
1437 2109 1602 2149 mutato
1624 2109 1781 2161 poetae
1810 2105 1948 2148 eiecto
1971 2104 2085 2148 alius
2107 2105 2230 2147 locus
2250 2101 2464 2152 tribuitur.

228 2176 382 2231 Itaque
413 2189 510 2219 cum
542 2174 629 2219 nisi
659 2174 829 2238 ordine·
845 2175 1030 2220 choreae
1049 2176 1237 2231 turbato,
1259 2189 1393 2220 nemo
1407 2175 1522 2219 enim
1553 2175 1766 2219 removeri
1799 2179 1951 2232 potest,
1985 2193 2054 2224 me
2088 2173 2202 2217 illud
2232 2188 2271 2218 ιι.
2290 2175 2344 2218 37
2378 2189 2467 2220 non

227 2245 283 2289 sit
310 2245 622 2303 temptandum,
653 2258 757 2288 num
789 2245 834 2289 in
863 2245 954 2290 alio
976 2245 1198 2302 superiore
1229 2246 1364 2289 uerbo
1396 2244 1586 2302 Cynthia
1622 2244 1768 2301 lateat,
1799 2258 1885 2299 quo
1916 2244 2145 2288 nouissimi
2170 2258 2322 2290 uersus
2352 2245 2464 2290 illud

225 2323 268 2366 te
304 2315 525 2372 referatur,
558 2314 798 2372 uideamus.

455 2384 595 2429 Versu
625 2385 699 2428 37:
733 2385 787 2428 Et
816 2384 988 2428 medius
1009 2384 1140 2428 docta
1160 2384 1343 2442 cuspide
1373 2383 1573 2428 Bacchus
1602 2384 1946 2440 erit,Ablatiuus
1977 2388 2108 2434 docta
2153 2388 2334 2450 cuspide
2385 2399 2463 2442 pro

229 2473 326 2504 cum
362 2458 495 2505 docta
519 2458 700 2518 cuspide
736 2455 902 2511 positus
943 2454 1076 2498 ualde
1107 2454 1422 2510 grammaticae
1451 2453 1611 2497 rationi
1641 2459 1867 2511 repugnat.
1902 2454 2160 2498 Coniunctio
2192 2456 2332 2499 enim:
2367 2470 2465 2501 cum

227 2524 272 2569 in
303 2524 383 2568 tali
413 2523 738 2569 constructione
767 2538 855 2570 non
887 2524 1108 2581 omittitur,
1154 2524 1240 2568 nisi
1277 2523 1542 2569 adiectiuum
1580 2524 1882 2581 praedicatum
1920 2529 2005 2579 est3
2041 2522 2115 2568 hic
2149 2529 2293 2570 autem
2333 2529 2466 2577 docta

226 2608 316 2639 non
346 2594 647 2654 praedicatum
679 2594 758 2641 sed
789 2596 1042 2641 attributum
1074 2600 1139 2641 est
1170 2594 1251 2650 (Cf.
1284 2595 1446 2652 Reisig.
1476 2594 1594 2650 713.)
1654 2594 1773 2652 Ergo
1811 2601 1852 2641 et
1889 2595 2179 2652 grammatica
2216 2596 2384 2643 ratione
2422 2602 2464 2642 et

226 2678 395 2711 conexu
427 2679 631 2712 uersuum
662 2670 903 2711 commotus
925 2679 1034 2725 sum,
1057 2671 1103 2712 ut
1132 2669 1264 2718 docta
1312 2668 1492 2732 cuspide
1529 2670 1780 2724 corruptum
1811 2679 1908 2711 esse
1937 2667 2172 2712 arbitrarer
2202 2680 2256 2711 ex
2288 2671 2463 2720 docta
2523 2675 2531 2684 ·

225 2754 348 2786 cum
381 2740 633 2803 bospite.

434 2830 549 2875 Nam
581 2830 814 2890 Cynthiam
843 2831 938 2876 iure
968 2845 1048 2875 suo
1079 2836 1122 2876 et
1151 2831 1325 2875 doctam
1356 2829 1554 2888 appellat
1593 2835 1724 2887 poeta
1762 2829 1844 2884 (Cf.
1891 2831 1936 2874 II
1975 2831 2015 2888 3,
2061 2831 2130 2887 16)
2169 2837 2211 2876 et
2245 2832 2459 2890 hospitem

224 2899 403 2957 Bacchi,
434 2900 598 2957 quippe
628 2915 727 2945 cum
758 2915 812 2945 ea
840 2901 1000 2958 fugerit
1028 2901 1088 2945 ad
1118 2902 1239 2945 illius
1270 2901 1342 2945 dei
1373 2905 1415 2945 et
1443 2913 1642 2944 sororum
1671 2900 1849 2944 roscida
1878 2906 2015 2945 antra.
2045 2925 2105 2934 -

438 2993 532 3038 Iam
561 2993 667 3052 illis,
698 3007 808 3051 quas
839 3007 973 3053 supra
1001 2994 1109 3052 dixi,
1140 2994 1383 3040 rationibus
1412 2993 1629 3039 adductus
1659 3007 1769 3052 sum,
1801 2995 1848 3039 ut
1877 3008 2008 3050 quam
2047 2995 2237 3052 elegiam
2274 2995 2461 3052 quadra-

221 3062 345 3119 ginta
376 3077 581 3109 uersuum
618 3064 898 3110 indiuiduam
939 3065 1115 3110 codices
1145 3065 1335 3124 tradunt,
1366 3077 1496 3120 quam
1511 3064 1673 3109 iniuste
1717 3065 1975 3111 deturbasse
2012 3066 2263 3124 Scaligerus
2294 3067 2462 3112 scribas

176 3190 179 3193 Δ
227 3132 432 3191 queritur,
449 3147 595 3189 quam
625 3135 903 3180 Burmannus
934 3149 1033 3181 cum
1064 3135 1329 3192 quibusdam
1358 3141 1401 3181 et
1429 3135 1666 3194 superioris
1697 3142 1739 3181 et
1768 3137 2022 3194 posterioris
2058 3137 2228 3195 elegiae
2265 3138 2462 3195 partibus
