2827 3592
1070 240 1667 295 --.5..-...

1190 449 1233 514 2
1264 470 1322 529 5,
1354 467 1452 528 ze,
1484 468 1588 516 es.

461 606 670 656 Scribam
709 607 866 668 igitur,
904 605 1024 668 quod
1062 619 1153 653 non
1192 573 1403 667 umquam
1441 609 1516 651 tua
1554 602 1704 650 deleat
1741 608 1893 662 aetna,

533 699 730 766 Cynthia
770 698 916 748 forma
956 703 1145 762 potens,
1182 696 1380 763 Cynthia
1425 695 1565 745 uerba
1603 697 1736 746 leuis·

248 860 452 942 Uerba
467 888 579 935 leuis
598 883 775 928 codices
792 897 943 927 omnes
961 888 1002 927 et
1019 882 1121 927 edd.
1141 887 1323 926 veteres.
1343 881 1499 925 Dresd.
1519 880 1858 938 superscriptum
1884 881 2083 937 praebet:
2101 896 2262 931 sermo,
2304 879 2505 935 Scaliger

220 1006 223 1013 ,
250 955 430 1001 conicit:
468 956 657 1019 Cynthia
671 959 823 1020 forma
840 961 999 1019 potens
1017 956 1205 1017 Cynthia
1223 954 1370 1003 verba
1387 955 1495 1003 luce.
1538 952 1691 1002 Uerba
1707 951 1790 995 hoc
1821 951 1920 994 1000
1939 964 2018 1007 pro
2044 955 2290 1016 periurium
2311 947 2499 1006 positum

251 1024 486 1070 contendit.
509 1023 821 1068 Lachmannus
839 1024 950 1068 nihil
966 1029 1115 1066 mutat.
1140 1022 1397 1074 Paldamus=
1416 1027 1566 1086 forma
1600 1025 1727 1074 leuis,

462 1093 585 1138 Haec
614 1092 759 1149 elegia
788 1093 835 1136 in
866 1106 1015 1137 eorum
1048 1106 1229 1137 numero
1261 1091 1467 1135 habenda
1517 1098 1594 1149 est,
1646 1092 1806 1148 quibus
1856 1096 1986 1148 poeta
2036 1089 2251 1147 Cynthiae
2304 1089 2504 1133 moribus«

251 1165 542 1211 exacerbatus
572 1177 662 1208 non
692 1163 783 1208 iam
812 1163 907 1208 irae
936 1177 1117 1221 compos
1148 1161 1292 1207 dolori
1323 1175 1403 1206 suo
1434 1162 1564 1206 nimis
1592 1162 1806 1219 indulget.

464 1234 515 1279 V.
553 1234 663 1279 1-—8
694 1234 885 1278 minatur
915 1248 963 1278 se
995 1234 1172 1278 omnino
1203 1247 1302 1278 eam
1333 1232 1602 1277 deserturum
1634 1237 1676 1277 et
1705 1232 1887 1278 aliunde
1917 1232 2109 1290 puellam
2129 1231 2363 1289 petiturum
2388 1243 2500 1276 esse.

252 1304 498 1351 Interiectis
528 1304 730 1349 uersibus
760 1304 920 1361 9—16,
953 1304 1113 1359 quibus
1145 1304 1240 1361 ipse
1270 1316 1319 1348 se
1347 1302 1556 1361 hortatur,
1617 1310 1665 1349 ut
1695 1317 1827 1360 quam
1859 1303 2084 1348 celerrime
2114 1302 2268 1359 fugiat,
2329 1315 2384 1346 ne
2403 1301 2497 1346 lan·

253 1379 489 1434 guesccnte
525 1374 594 1418 ira
632 1374 865 1419 consilium
895 1378 1092 1431 mutaret,
1125 1374 1270 1418 denuo
1301 1373 1361 1417 ad
1392 1373 1626 1432 Cynthiam
1658 1387 1908 1431 conuersus,
1939 1373 2025 1418 nisi
2039 1373 2171 1417 finem
2200 1372 2364 1417 faceret
2397 1384 2500 1429 pec-

255 1445 401 1502 candi,
435 1456 602 1501 poenas
633 1457 681 1488 se
709 1445 991 1500 repetiturum
1022 1457 1118 1487 esse
1158 1443 1488 1488 crudelissimas
1524 1451 1770 1499 asseuerat3
1809 1457 2074 1499 quamquam
2112 1457 2202 1487 non
2239 1443 2499 1486 rusticorum

253 1528 374 1560 more
419 1527 517 1559 eam
564 1514 770 1557 manibus
800 1514 1001 1557 adortum
1048 1514 1127 1557 sed
1172 1514 1307 1557 armis
1352 1520 1482 1571 poeta
1512 1516 1661 1572 dignis
1692 1515 1860 1559 scilicet
1888 1528 2018 1558 uersu
2049 1514 2127 1558 illo
2157 1514 2228 1558 28.
2287 1511 2502 1557 Praemisi

256 1589 575 1642 argumentum,
599 1588 646 1628 ut
665 1584 855 1628 eluceret
884 1598 1058 1628 uersum
1097 1585 1224 1628 illum
1272 1598 1361 1629 non
1401 1584 1536 1630 fuisse
1573 1586 1722 1642 telum,
1764 1585 1895 1641 quale
1930 1585 2193 1642 minabatur,
2233 1583 2499 1630 mortiferum

256 1662 298 1701 et
327 1655 542 1711 Scaligeri
571 1668 748 1710 quoque
778 1655 1073 1699 coniecturam
1105 1669 1313 1699 mucrone
1339 1669 1499 1700 carere.
1561 1657 1675 1701 Nam
1698 1656 1918 1711 quomodo
1940 1661 2054 1699 stare
2075 1657 2214 1711 possit
2234 1661 2332 1712 post
2348 1668 2502 1699 uersus

254 1724 661 1771 uehementissimos
691 1729 734 1769 et
762 1724 976 1769 rhetorice
1007 1725 1311 1782 pronuntiatos
1341 1724 1493 1771 hosce:

466 1795 558 1840 Nec
586 1795 668 1839 tibi
698 1795 873 1852 periuro
905 1795 1103 1839 scindam
1135 1795 1191 1840 de
1222 1810 1404 1853 corpore
1433 1802 1596 1841 uestem

464 1865 558 1909 Nec
587 1879 686 1908 mea
716 1865 972 1922 praeclusas
1002 1865 1183 1920 fregerit
1212 1867 1280 1909 ira
1309 1866 1426 1910 fores

464 1934 557 1979 Nec
586 1935 666 1978 tibi
698 1948 892 1979 conexos
920 1935 1058 1978 iratus
1088 1949 1267 1991 carpere
1297 1937 1439 1980 crines

465 2004 558 2050 Nec
589 2004 711 2048 duris
741 2005 885 2049 ausim
916 2005 1094 2050 laedere
1125 2006 1374 2062 pollicibus,

257 2075 473 2130 Scaligeri
503 2075 618 2119 illud
647 2075 779 2119 nimis
809 2075 1092 2130 languidum:
1125 2079 1269 2126 uerba
1302 2079 1434 2126 lues?

255 2133 350 2189 Iam
380 2145 597 2189 auxilium
626 2149 727 2201 peto
759 2158 783 2188 e
813 2145 888 2189 lib.
922 2146 990 2189 111
1023 2147 1075 2190 el.
1109 2147 1184 2189 22:
1418 2193 1427 2197 ,¹

538 2214 666 2259 Nune
695 2213 977 2272 admirentur,
1011 2216 1129 2271 quod
1161 2221 1249 2259 tam
1283 2216 1389 2259 mihi
1425 2216 1606 2274 pulchra
1633 2217 1784 2273 puella

538 2285 712 2330 Serviat
740 2291 783 2330 et
811 2291 902 2337 tota
933 2286 1057 2331 dicar
1087 2287 1132 2330 in
1163 2288 1270 2331 urbe
1300 2293 1464 2345 potens.

471 2357 566 2401 Hoc
611 2356 709 2400 loco
742 2364 901 2422 potem
929 2357 991 2401 ita
1036 2358 1226 2414 positum
1259 2362 1335 2413 est,
1369 2364 1413 2401 ut
1443 2358 1482 2401 ei
1528 2358 1791 2402 contrarium
1838 2359 1893 2401 sit
1942 2365 2129 2411 seruire,
2167 2358 2327 2403 Nostro
2357 2363 2502 2403 autem

260 2427 360 2471 loco
377 2427 477 2470 uoci
511 2432 664 2491 forma
692 2435 853 2491 potens
882 2428 1148 2471 contrarium
1180 2427 1351 2481 aliquid
1383 2428 1546 2484 opponi
1576 2442 1757 2471 necesse
1785 2433 1863 2483 est,
1896 2429 1964 2472 eui
1986 2429 2092 2472 insit
2111 2428 2356 2484 ignominia
2381 2442 2502 2473 acer·

260 2495 455 2540 bissima.
519 2495 615 2540 Iam
646 2495 683 2540 si
714 2495 793 2541 illo
823 2496 924 2540 loco
954 2496 1019 2540 111
1067 2497 1123 2541 22
1156 2497 1250 2541 nixi
1281 2496 1542 2541 contrarium
1562 2495 1675 2541 illud
1697 2497 1947 2552 quaerimus
1968 2498 2066 2543 uoci
2086 2507 2259 2563 potens,
2297 2513 2386 2543 non
2406 2498 2501 2554 qui·

260 2564 360 2610 dem
389 2584 528 2617 serua
556 2565 820 2624 recipiamus
852 2580 1007 2623 parum
1025 2567 1381 2624 ignominiosum,
1413 2571 1458 2611 at
1485 2585 1673 2617 uerna
1709 2572 1752 2612 et
1789 2569 2053 2613 eontrarium
2096 2573 2138 2613 et
2175 2568 2283 2612 satis
2313 2568 2499 2624 ignomi-

260 2635 444 2680 niosum.
508 2635 580 2690 (cf.
601 2636 802 2682 'Beckeri
834 2637 990 2681 Gallus
1019 2637 1063 2680 ΙΙ
1094 2651 1136 2694 p.
1173 2636 1266 2681 109.
1300 2650 1363 2692 sq.
1396 2637 1452 2681 de
1480 2636 1659 2681 licentia
1688 2651 1918 2682 uemarum
1950 2639 2162 2695 uulgata).

467 2706 585 2763 Ergo
615 2707 679 2752 ita
707 2712 839 2767 poeta
868 2721 1047 2752 versum
1078 2708 1310 2767 scripsisse
1339 2707 1448 2752 mihi
1476 2705 1667 2752 uidetur:

541 2788 732 2847 Cynthia
761 2789 904 2834 forma
933 2796 1103 2849 potens,
1136 2791 1325 2849 Cynthia
1355 2807 1497 2841 uerna
1530 2789 1655 2834 leuis.
