2827 3592
1040 275 1626 332 -.-.7.-...

1177 416 1222 483 2
1263 414 1459 497 εμπ.

429 550 665 603 Candidus
702 556 912 615 argutum
950 551 1150 600 sternuit·
1180 563 1314 598 omen
1352 555 1494 599 amor.

235 716 461 797 An‘du
477 750 656 795 codices
698 749 917 793 exhibent.
979 747 1111 804 Apud
1149 746 1423 791 Macrobium
1454 746 1511 790 de
1540 747 1796 792 differentiis
1827 753 1869 791 et
1894 747 2176 792 societatibus
2207 761 2270 804 gr.
2303 753 2346 794 et
2380 750 2466 795 lat„

216 821 342 866 uerbi
373 833 527 865 uersus
563 820 640 864 sic:
659 819 848 877 scriptus
878 817 1116 862 inuenitur:
1149 818 1450 867 Candidus
1483 824 1791 882 angustae.

392 892 711 942 emadan,
734 901 789 932 ex
810 887 1036 932 Macrobio
1056 891 1315 945 receperunt
1351 899 1502 931 omnes
1531 886 1623 931 sere
1652 886 1853 932 editores.
1886 887 2161 944 Herzbergus
2191 891 2468 953 ard-idus,

220 960 339 1016 quod
369 960 559 1004 codices
576 959 653 1003 vel·
677 963 855 1009 arduus
879 959 932 1002 G.
964 959 1036 1001 vel
1065 961 1248 1007 arv-idun
1266 955 1321 999 H.
1345 956 1394 999 V.
1417 957 1476 1001 M.
1500 958 1724 1015 praebent,
1754 957 1876 1001 haud
1896 957 2081 1002 feliciter
2100 958 2308 1003 defendit.
2341 958 2458 1004 Nm

219 1031 423 1085 quamuis
451 1043 480 1072 a.
509 1043 553 1073 u.
583 1029 624 1072 d4
657 1042 828 1072 nouum-
850 1029 1032 1071 uerbum
1065 1041 1143 1084 per
1171 1030 1426 1083 analogiam
1465 1027 1696 1070 formatum
1727 1040 1825 1070 esse
1868 1028 2146 1084 concedatur,
2177 1033 2324 1072 tamen
2371 1028 2456 1072 dif-

217 1101 362 1147 fidere·
381 1113 474 1144 nos·
497 1098 540 1144 ei
571 1091 653 1157 pur
698 1107 775 1155 est,
823 1097 1077 1155 praesertim
1123 1111 1223 1141 cum
1266 1098 1353 1143 hoo
1401 1097 1500 1140 loco
1531 1096 1681 1149 Amori
1731 1097 1991 1141 attributum>
2033 1099 2164 1143 ualde
2211 1099 2458 1157 displiceat.v

219 1170 454 1227 Quidnam,
487 1178 666 1226 quaeso,
698 1168 761 1214 rei
779 1173 848 1213 est
874 1167 1025 1212 Amori
1055 1167 1214 1211 ardido
1244 1182 1343 1213 cnm
1365 1167 1768 1224 nascente‘puella‘?
1797 1193 1856 1200 --
1886 1168 2039 1223 Neque
2067 1174 2214 1214 tamen
2244 1169 2464 1215 Macrobii

216 1241 518 1288 auctoritatem
559 1239 698 1298 pluris
746 1253 877 1295 quam
916 1238 1117 1283 codicum
1156 1244 1403 1284 nostrorum
1448 1237 1615 1295 pendog
1664 1251 1769 1282 nam
1796 1247 2050 1304 augustae
2091 1240 2228 1284 uerbo
2257 1245 2454 1299 appeten·

216 1325 391 1358 uersum
451 1324 507 1355 ex
539 1310 666 1355 libris
714 1309 935 1354 inferioris
978 1315 1109 1354 notae
1145 1324 1276 1364 quam
1307 1310 1362 1353 N.
1413 1309 1703 1366 perscriptum
1749 1321 1857 1352 esse.
1917 1309 2010 1352 Nec
2041 1310 2283 1354 scribarum
2314 1325 2466 1356 errore·

217 1381 330 1428 illud
360 1388 621 1444 amyntae
649 1378 771 1437 apud
786 1379 918 1423 Macr.
941 1393 1022 1435 pro
1041 1387 1245 1443 arquatum
1275 1380 1461 1436 irrepsit,
1493 1378 1709 1434 siquidem
1745 1378 1936 1421 incertus
1973 1379 2050 1423 ille
2080 1381 2390 1435 grammaticus
2409 1381 2461 1424 in.

221 1452 411 1510 epitome
438 1448 725 1495 Macrobiana
755 1449 910 1494 eodem
954 1448 1087 1508 modo
1118 1448 1243 1493 illum
1275 1463 1450 1494 uersum
1484 1448 1751 1505 perscripsit.

394 1519 548 1576 Itaque
563 1519 725 1563 omisso
747 1518 987 1574 Macrobio,
1009 1531 1107 1562 cum
1138 1517 1270 1574 longe
1292 1516 1430 1575 pluris
1450 1523 1693 1562 nostrorum
1729 1517 1930 1561 codicum
1963 1531 2224 1563 consensum
2252 1519 2461 1578 pendam,

222 1605 325 1636 num
356 1605 412 1635 ex
441 1593 670 1641 Aridus
699 1589 780 1632 illo
810 1588 933 1632 aliud
969 1588 1141 1643 aliquid
1180 1588 1294 1632 effici
1345 1589 1495 1645 possit,
1536 1602 1679 1643 quam
1708 1588 1984 1644 Herzbergus
2022 1588 2175 1645 uoluit,
2214 1589 2455 1635 uideamus.

225 1663 361 1707 Poeta
377 1660 605 1719 praedicat
620 1673 669 1705 se
688 1673 777 1704 non
795 1664 884 1704 tam
906 1658 1231 1716 pulchritudine
1261 1659 1435 1716 puellae
1467 1664 1640 1716 captum
1659 1672 1768 1715 esse,
1779 1671 1911 1713 quam
1929 1658 2047 1714 quod
2060 1658 2250 1704 formose
2266 1660 2461 1718 saltaret,

219 1733 318 1791 lyra
349 1736 534 1789 caneret,
566 1730 764 1775 carmina
794 1734 1016 1788 pangeret,
1063 1742 1110 1774 se
1153 1742 1243 1773 non
1289 1730 1349 1774 ita
1393 1729 1507 1773 facie
1539 1743 1670 1785 quam
1707 1729 1874 1774 artibus
1906 1729 1999 1774 eius
2030 1729 2303 1787 permnlceri.
2362 1730 2460 1776 Iam-

220 1817 316 1847 cum
346 1808 518 1860 pergat:
551 1802 632 1846 tibi
662 1801 860 1844 nascenti
891 1806 1093 1855 argutum
1126 1813 1254 1844 omen
1282 1801 1465 1844 sternuit
1492 1801 1638 1857 Amor,
1673 1805 2010 1844 consentaneum
2043 1804 2108 1844 est
2127 1814 2226 1844 eum
2246 1814 2334 1845 non
2355 1802 2456 1845 sim·

219 1873 390 1931 pliciter
444 1886 571 1916 omen
601 1871 767 1914 dixisse
798 1875 1013 1927 argutum,
1046 1870 1123 1913 sed
1153 1870 1383 1927 adiecisse,
1423 1883 1510 1925 qua
1552 1883 1598 1914 re
1644 1883 1771 1914 omen
1803 1870 1915 1913 illud
1967 1875 2169 1925 argutum
2196 1872 2463 1928 (nueancirt)

219 1948 332 1988 esset
361 1944 390 1986 i.
423 1956 458 1987 e.
500 1944 735 1992 artibus
771 1953 903 1998 supra
934 1939 1075 1997 dictis,
1107 1940 1195 1984 abl.
1229 1952 1390 1984 causae
1420 1939 1635 1997 pendente
1666 1953 1722 1985 ex
1753 1953 1862 1984 uoce
1892 1946 2105 1996 argutum.

1107 2314 1154 2378 4
1183 2340 1235 2391 τ,
1266 2337 1364 2385 31.
1398 2337 1504 2384 as.

433 2498 496 2542 At
531 2493 630 2555 tibi,
668 2496 744 2556 qui
781 2499 940 2541 nostro
977 2495 1147 2541 nexisti
1184 2496 1298 2542 retia
1336 2494 1472 2553 lecto,

503 2587 572 2634 Sit
607 2602 744 2635 socer
780 2593 1013 2634 aeternum
1050 2602 1137 2633 nec
1173 2589 1275 2634 sine
1311 2593 1454 2635 matre
1489 2587 1663 2637 domus,

220 2745 463 2840 Languet
492 2796 605 2831 vers.
633 2785 703 2829 38.
736 2784 850 2829 Nam
881 2785 1037 2841 poiitae
1065 2783 1252 2841 animus,
1285 2783 1370 2829 nisi
1400 2783 1543 2840 magis
1573 2783 1876 2830 efferuesceret
1895 2783 2086 2829 hominis
2109 2782 2228 2828 illius
2258 2782 2463 2840 andacia,

157 2910 163 2917 .
223 2853 356 2897 nimis
385 2853 557 2912 patiens
587 2859 702 2900 esset
731 2854 1001 2900 iniuriarum.
1032 2853 1236 2913 Accedit‚·
1263 2853 1383 2911 quod
1419 2858 1619 2899 'socerum
1658 2854 1824 2914 primas
1864 2853 2114 2900 discordia-e
2157 2857 2303 2913 partes
2317 2866 2467 2914 agere,

221 2924 299 2968 uix
328 2924 444 2968 alias
473 2925 734 2984 inuexfimus,
766 2940 938 2970 socrum
968 2926 1114 2983 potius
1145 2930 1186 2970 et
1215 2939 1399 2984 generos
1430 2924 1531 2969 odio
1561 2925 1674 2970 inter
1703 2939 1751 2971 se
1770 2939 1903 2982 quam
1922 2926 2115 2971 maximo
2137 2926 2292 2971 ardere
2316 2925 2464 2970 adhuc

223 2995 357 3038 moris
388 2999 482 3040 erat
511 3000 554 3039 et
582 2996 703 3054 apud
722 2997 928 3052 antiquos
958 3002 1002 3040 et
1031 2996 1151 3053 apud
1173 3001 1401 3040 nostrates.
1422 2996 1622 3050 Denique
1642 3002 1790 3054 partes
1808 3010 1960 3042 uersus
1981 3011 2070 3041 non
2092 2997 2198 3040 satis
2224 2996 2464 3041 concinnas

223 3077 322 3111 esse
350 3065 428 3110 uix
458 3078 692 3122 quemqam
721 3066 865 3123 fugiat
895 3066 979 3121 (Sit
1008 3080 1135 3111 socer
1164 3090 1223 3098 -—·
1253 3067 1311 3110 sit
1339 3066 1495 3110 domus
1524 3079 1623 3109 cum
1653 3067 1825 3122 matre.)
1857 3067 2032 3110 Scribo:

431 3134 498 3179 Sit
535 3153 715 3187 sacra
749 3141 1054 3202 infernum
1089 3149 1178 3181 non
1209 3137 1306 3181 sine
1334 3141 1472 3180 matre
1501 3134 1671 3180 domus.

430 3215 676 3276 Ecdicius,
706 3217 850 3274 inquit
875 3221 1022 3277 poeta,
1052 3224 1097 3264 te
1125 3224 1167 3263 et
1198 3218 1376 3262 domum
1406 3206 1543 3262 totam
1571 3223 1692 3262 tuam
1722 3223 1924 3263 euenant
1950 3218 1994 3262 di
2024 3218 2198 3263 inferni.
