2827 3592
1076 563 1115 635 1
1143 579 1257 650 io,
1285 581 1534 642 ’ns-su.

442 773 577 823 Hunc
613 771 703 821 duo
739 774 905 821 sectati
941 771 1126 834 fratres,
1164 771 1415 837 Aquilonia
1449 771 1624 837 proles,

510 863 648 914 Hunc
684 866 825 930 super
861 872 909 913 et
944 864 1102 924 Ζθιεε,
1138 865 1258 913 hunc
1295 879 1436 930 super
1472 871 1518 913 et
1554 864 1724 913 Calais,

443 958 613 1009 Oscula
649 959 887 1024 suspensis
925 957 1154 1007 instabant
1191 972 1388 1023 carpere
1423 958 1602 1023 palmiS,

512 1052 681 1103 Oscula
720 1059 768 1101 et
805 1053 980 1102 alterna
1017 1052 1144 1101 ferre
1181 1054 1344 1116 supina
1380 1067 1530 1101 manu.

440 1146 525 1196 Ille
560 1146 645 1195 sub
682 1152 892 1196 extrema
929 1146 1137 1212 pendens
1174 1146 1423 1195 secluditur
1459 1147 1530 1195 ala

509 1240 569 1289 Et
604 1242 822 1291 uolucres
860 1257 989 1289 ramo
1027 1241 1272 1290 submonet
1308 1242 1511 1291 insidias

226 1403 404 1491 Quod
434 1451 764 1493 nonnumquam
795 1438 970 1495 accidit,
1003 1443 1048 1482 ut
1079 1439 1115 1481 is
1147 1438 1201 1482 de
1232 1451 1319 1493 quo
1350 1439 1522 1494 agimus
1562 1446 1694 1496 poeta
1725 1439 1875 1494 aliquo
1917 1437 2100 1481 artificio
2140 1436 2210 1480 uel
2249 1435 2364 1492 picto
2396 1433 2468 1477 uel

229 1510 414 1568 sculpto,
433 1513 480 1552 ιιι
509 1521 688 1552 carmen
706 1512 928 1565 pangeret,
951 1513 1307 1565 commoneretur,
1339 1508 1400 1552 ita
1430 1509 1622 1554 illoloco
1644 1509 1838 1554 tabulam
1854 1509 2014 1567 pictam
2037 1508 2077 1553 ei
2106 1520 2263 1553 ansam
2292 1504 2469 1551 dedisse

230 1584 426 1637 apparet,
458 1584 505 1622 ut
535 1592 686 1622 casum
715 1579 842 1621 illum
871 1579 1018 1636 Hylae
1049 1584 1300 1635 exponeret.
1361 1581 1530 1639 Etenim
1561 1581 1883 1638 gratificaturus
1923 1580 2053 1623 Gallo
2100 1583 2228 1637 poeta
2275 1576 2469 1632 imagine
2544 1595 2551 1603 »

231 1649 324 1696 eius
355 1650 528 1707 generis
559 1653 793 1707 conspecta
823 1648 986 1707 Hylam
1017 1658 1245 1707 comparat
1276 1663 1373 1693 cum
1403 1663 1537 1706 puero
1568 1651 1627 1695 ab
1657 1651 1736 1694 illo
1766 1655 1926 1695 amato.
1958 1649 2166 1708 „Hylam,
2197 1648 2350 1704 inquit,
2363 1659 2471 1704 puer

226 1725 325 1765 tuus
355 1721 611 1777 aequiperat
638 1719 975 1777 pulchritudine,
1007 1720 1086 1763 sed
1103 1734 1223 1776 caue,
1244 1735 1299 1764 ne
1328 1721 1516 1765 similem
1545 1723 1702 1765 subeat
1732 1721 2068 1765 calamitatem“.
2103 1721 2204 1765 Jam
2220 1733 2318 1762 cum
2340 1722 2469 1775 poeta

229 1791 276 1836 in
306 1789 600 1836 describenda
628 1790 837 1846 imagine,
869 1803 982 1844 quae
1011 1790 1059 1833 in
1092 1790 1246 1834 tabula
1277 1805 1364 1834 uno
1394 1795 1619 1845 tamquam
1651 1791 1857 1847 temporis
1897 1797 2116 1834 momento
2154 1791 2467 1847 exprimuntur.

226 1860 377 1906 omnia
404 1861 468 1906 ita
497 1861 649 1906 iubeat
677 1864 779 1906 ante
819 1859 971 1904 oculos
1007 1859 1094 1917 agi,
1138 1864 1184 1904 ut
1223 1859 1424 1918 singulae
1462 1860 1658 1906 actiones
1696 1861 1787 1905 alia
1831 1861 1966 1905 aliam
1996 1862 2108 1905 inter
2145 1874 2191 1906 se
2229 1859 2465 1917 excipiant,

226 1932 376 1978 media
406 1932 498 1978 fere
525 1934 573 1977 in
602 1932 747 1989 elegia
777 1932 838 1976 ad
867 1931 1093 1976 Boreadas
1126 1931 1247 1976 uenit
1275 1931 1438 1990 Hylam
1469 1929 1789 1989 persequentes,
1823 1931 1872 1976 id
1903 1930 2021 1987 quod
2051 1931 2169 1977 idem
2199 1930 2336 1975 fuisse
2374 1928 2465 1987 pic-

226 2004 335 2047 toris
363 2007 631 2048 momentum
661 2003 840 2046 tabulae
869 2001 1078 2045 traditum
1108 2001 1212 2046 inde
1244 2001 1496 2057 coniciatur,
1528 2000 1648 2057 quod
1665 2001 1785 2059 apud
1816 2007 1969 2059 poetas
2000 2015 2087 2046 non
2110 2002 2332 2059 reperitur,
2356 2014 2469 2056 quae

228 2077 374 2118 noster
401 2072 619 2118 interserit
649 2071 704 2118 de
734 2071 974 2128 Aquilonia
1004 2071 1139 2129 prole.

467 2142 669 2190 Offendit
703 2147 850 2189 autem
880 2142 927 2188 in
955 2142 1040 2187 hac
1072 2141 1364 2200 descriptione
1394 2156 1434 2187 ιι.
1467 2142 1522 2187 29
1553 2142 1615 2188 ita
1645 2142 1693 2188 in
1723 2142 1952 2188 codicibus
1984 2149 2206 2189 exaratus:
2256 2144 2338 2187 Ille
2383 2144 2466 2186 sub

224 2218 422 2258 extrema
452 2214 652 2271 pendens
682 2213 923 2258 secluditur
953 2213 1039 2257 ala.
1103 2212 1275 2257 Heinsii
1306 2210 1573 2275 coniectura:
1607 2215 1717 2275 „1112
1738 2216 1820 2264 snb
1847 2222 2051 2265 eaetrema
2070 2217 2313 2278 pendentes
2360 2216 2468 2263 ludit

225 2289 272 2334 in
321 2288 400 2335 ala
435 2284 625 2329 refutata
654 2284 964 2328 Lachmannus
996 2283 1057 2328 ita
1087 2283 1405 2341 interpretatur.
1435 2282 1628 2341 „Eorum
1657 2283 1842 2329 alterum
1868 2298 1966 2329 cum
1997 2298 2130 2342 supra
2169 2290 2301 2342 caput
2339 2298 2466 2328 suum

223 2355 450 2412 suspensis
481 2355 656 2412 palmis,
688 2359 734 2399 ut
765 2355 917 2399 oscula
947 2355 1106 2412 supina
1126 2354 1269 2412 ferret,
1291 2359 1524 2411 uagantem
1540 2354 1664 2412 uidit,
1696 2355 1874 2400 sinistra
1901 2369 2034 2399 manu
2065 2359 2302 2400 extremam
2325 2355 2465 2410 alam,

227 2423 313 2468 hoc
344 2430 409 2469 est
438 2425 669 2480 remigium
700 2438 944 2481 pennarum
974 2426 1283 2480 longissimum
1314 2426 1478 2481 arripit,
1508 2425 1658 2479 itaque
1689 2425 1794 2469 dum
1826 2425 1901 2468 ille
1941 2425 2073 2469 altius
2112 2426 2268 2470 uolare
2301 2425 2465 2480 nititur,

142 2515 147 2519 ·
223 2493 309 2538 sub
338 2493 413 2538 ala
468 2494 666 2552 pondere
695 2493 898 2540 deorsum
929 2498 1069 2538 tracta
1098 2494 1271 2551 pendet,
1306 2507 1392 2549 qua
1422 2499 1515 2539 arte
1544 2494 1603 2538 ab
1634 2509 1708 2539 ore
1739 2496 1985 2552 appetentis
2024 2493 2263 2539 secluditur
2307 2509 2359 2537 ac
2400 2508 2465 2538 re-

227 2568 437 2621 movetur,
468 2565 650 2610 alterius
681 2565 883 2611 uolucres
911 2564 1100 2609 insidias
1130 2579 1253 2609 ramo
1283 2564 1330 2609 in
1359 2562 1556 2609 dextram
1587 2569 1760 2622 sumpto
1791 2580 1819 2609 a
1850 2579 1898 2609 se
1929 2565 2200 2609 submonet.“

435 2634 560 2680 Nihil
590 2639 742 2680 contra
773 2635 976 2681 Iacobus.
1036 2634 1315 2692 Herzbergus
1344 2640 1488 2680 autem
1517 2647 1597 2680 suo
1628 2634 1723 2680 iure
1744 2649 1953 2690 quaerere
1974 2634 2159 2692 uidetur,
2179 2634 2333 2690 quidni
2363 2649 2466 2678 con-

221 2704 401 2749 traxerit
430 2705 653 2751 Boreades
702 2706 812 2764 alas,
863 2710 910 2751 ut
940 2705 1148 2764 delapsus
1176 2705 1224 2751 iu
1252 2708 1409 2751 terram
1438 2703 1838 2763 apprehendentem
1883 2705 2047 2764 Hylam
2092 2703 2230 2763 pedes
2260 2710 2302 2750 et
2331 2706 2465 2750 eomi-

222 2787 306 2818 nus
336 2789 364 2818 a
393 2775 571 2819 sinistra
600 2777 838 2821 invaderet.

435 2845 565 2898 Quod
595 2849 798 2901 quamuis
827 2841 1078 2904 Herzbergo
1111 2847 1364 2903 concedam,
1395 2861 1483 2891 non
1512 2846 1628 2891 facio
1668 2860 1767 2891 cum
1811 2860 1862 2891 eo
1900 2847 2210 2904 interpretante
2247 2851 2465 2893 extremas

221 2914 319 2959 alas
349 2929 439 2960 non
468 2915 664 2961 infimam
693 2918 866 2962 alarum
895 2924 1064 2976 partem
1095 2918 1175 2962 sed
1204 2931 1417 2962 summam
1446 2917 1565 2961 alam
1594 2918 1856 2974 significare.
1919 2918 2020 2974 Ipse
2041 2917 2158 2961 enim
2186 2916 2464 2973 Herzbergus

221 2985 475 3041 scrupulum
518 2986 645 3030 illum
690 2988 738 3031 in
783 2988 1058 3032 Lachmanni
1100 2987 1454 3046 interpretatione
1500 2986 1702 3030 relictum
1732 2987 1854 3032 nullo
1887 2985 2018 3032 modo
2055 2985 2182 3032 tollit.
2242 2984 2464 3040 Quidnam

222 3068 319 3100 esse
347 3056 636 3113 censebimus,
670 3058 792 3113 quod
821 3059 1044 3103 Boreades
1074 3060 1135 3102 ita
1167 3059 1223 3102 sit
1253 3058 1510 3116 prohibituS,
1541 3057 1775 3112 quominus
1807 3057 2041 3101 contractis
2071 3056 2156 3100 alis
2197 3055 2334 3146 pedes
2371 3069 2464 3100 ma·

218 3122 349 3170 nibus
378 3139 564 3184 puerum
594 3128 838 3186 arriperet?

2189 3314 2241 3357 1*
